1673 3052
259 148 356 211 346
423 145 1058 196 JO.FRE1NSHEM11
1101 142 1459 195 SUPPLEIvn

258 268 365 295 mam
391 255 610 295 utiIitatem.
625 255 784 294 fuerunt
804 262 910 293 certe
926 265 1058 305 paucae
1079 251 1184 303 leges
1206 254 1393 303 aequiores
1409 282 1418 300 ,
1435 261 1557 302 quam

260 318 314 358 do
334 320 450 358 etiam
478 318 588 358 bonae
616 317 807 369 pleraeque
830 318 883 356 ita
911 325 1142 368 comparatae
1165 315 1276 364 sunt,
1300 324 1346 355 ut
1370 320 1557 355 nocentes

258 383 446 432 puniant,
475 395 556 421 non
577 391 622 421 ut
645 380 739 420 laefis
763 379 1014 432 opituIentur.

312 451 412 491 LIX.
445 451 525 491 Sub
553 452 658 491 idem
690 460 846 502 tempus
874 447 1111 490 Macedoni-a
1138 454 1252 498 atque
1278 445 1445 486 Thracia
1471 451 1558 484 mad

258 526 337 564 gno
365 526 492 553 rerum
519 527 706 554 novarum
732 522 841 552 motu
865 511 1056 552 concussae
1091 509 1180 549 sunt
1205 523 1255 549 ex
1279 508 1430 548 levibus
1455 508 1560 559 prin-

256 575 378 626 cipiis.
405 576 628 625 Andriscus,
652 577 717 628 qui
735 575 772 614 se
798 574 1036 625 Philippum,
1058 571 1181 613 Persei
1196 569 1344 618 imum,
1365 569 1559 617 vocabat,

257 640 402 679 exinde
427 640 721 694 Pseudophilippi
743 639 904 677 nomine
926 637 1077 685 notior,
1107 647 1198 674 cum
1225 635 1265 673 in
1291 633 1461 673 custodia
1480 633 1558 674 Ro-

255 712 331 750 mae
353 700 581 749 haberetur,
608 699 709 739 clam
735 699 884 750 elapsus
899 729 910 746 ‚
940 700 975 738 ἃ
994 698 1034 736 in
1050 691 1326 737 Macedoniam
1346 694 1558 746 profugus,

256 762 362 812 apud
382 761 559 801 homines
576 761 680 813 regio
703 761 867 812 imperio
893 759 1082 807 assuetos,
1109 760 1145 798 ἃ
1168 757 1252 808 post
1271 756 1368 796 illud
1383 754 1557 796 eversum

257 825 456 875 perpetuis
472 824 723 864 seditionibus
747 825 936 874 agitatos,
962 820 1078 861 facile
1092 820 1211 860 fidem
1227 820 1480 870 favoremque
1499 819 1558 857 in-

255 886 375 926 venit.
403 886 591 926 Fabulam
616 894 746 926 autem
773 884 997 935 hujusmodi
1021 884 1212 924 finxerat:
1242 884 1308 921 Ex
1326 882 1453 937 pellice
1465 882 1504 935 fi
1519 880 1558 918 ὁ»

255 951 383 1003 Perseo
406 964 482 1003 rege
513 963 625 989 ortum
641 982 653 999 ‚
681 951 850 989 traditum
876 949 1093 988 educandum
1129 947 1276 998 Cretensi
1297 945 1438 985 cuidam
1464 943 1553 996 effe,

261 1027 301 1052 ut
324 1013 361 1052 ἰὴ
378 1015 460 1052 belli
481 1014 610 1068 enfin,
624 1017 717 1068 quod
729 1014 790 1052 ille
812 1028 888 1052 cum
911 1011 1086 1053 Romanis
1101 1023 1253 1064 gereret,
1277 1009 1426 1062 aliquod
1435 1009 1556 1062 semen

253 1077 378 1131 stirpis
406 1078 506 1131 regiae
529 1079 687 1131 exstaret.
714 1076 840 1128 Perseo
862 1077 1061 1121 demortuo,
1086 1072 1297 1125 Adramytti
1310 1073 1351 1124 se
1365 1071 1551 1108 educatum

260 1142 367 1193 usque
380 1142 431 1179 ad
447 1141 684 1194 dnodecimum
705 1154 835 1178 annum
861 1138 981 1177 aetatis
993 1168 1004 1186 ‚
1015 1148 1148 1190 patrem
1163 1149 1238 1173 eum
1259 1133 1321 1186 effi
1342 1133 1528 1172 credentem
1542 1160 1557 1180 ‚

258 1218 281 1241 a
301 1217 368 1254 quo
389 1203 612 1250 educaretur,
635 1202 792 1254 ignarum
817 1198 951 1252 generis
966 1196 1075 1250 fiu'ffe
1096 1196 1172 1250 sui.
1197 1193 1316 1248 affeblo
1339 1193 1464 1231 deinde
1487 1206 1524 1229 eo
1539 1221 1555 1241 ,

258 1278 336 1301 cum
355 1277 461 1316 prope
483 1262 643 1300 ultimum
662 1263 772 1313 finem
799 1262 882 1299 vitae
904 1258 981 1311 effet
992 1288 1006 1305 ‚
1025 1259 1188 1296 deteft‘am
1201 1256 1271 1307 fibi
1291 1256 1429 1294 tandem
1451 1253 1556 1307 origi-

256 1341 331 1363 nem
341 1327 462 1379 sicam,
470 1324 642 1378 fhlfieque
657 1325 762 1363 matri
777 1323 932 1362 libellum
946 1323 1082 1370 datum,
1086 1322 1187 1375 signo
1199 1319 1318 1373 Persei
1330 1318 1424 1371 regis
1429 1319 1556 1370 signa·

255 1399 328 1424 tum
344 1416 355 1434 ‚
377 1400 473 1438 quenz
487 1386 560 1436 sthi
582 1386 755 1434 traderet,
782 1399 857 1423 cum
882 1384 933 1421 ad
947 1382 1106 1436 puberem
1129 1393 1265 1420 aetatem
1290 1378 1433 1431 venss'et
1448 1394 1460 1418 .·
1485 1378 1554 1416 ob-

256 1450 516 1503 testationesque
542 1450 688 1487 ultimas
715 1447 896 1502 adjel‘las,
924 1457 961 1483 ut
985 1459 1038 1484 res
1062 1446 1100 1483 in
1127 1444 1262 1483 occulto
1280 1444 1331 1482 ad
1356 1442 1397 1479 id
1418 1453 1555 1493 tempus

248 1514 459 1566 firvsszretur.
481 1513 685 1567 pubescenti
713 1511 867 1549 libellum
895 1510 1089 1548 traditum:
1112 1507 1149 1545 in
1177 1521 1244 1560 quo
1265 1505 1373 1544 reliffi
1385 1504 1456 1554 fibi
1481 1504 1554 1541 duo

257 1577 412 1630 thefizuri
438 1591 461 1612 a
483 1587 584 1628 patre
611 1575 814 1612 dicerentur.
844 1584 915 1610 tum
927 1572 1095 1626 scientem
1118 1569 1314 1616 mulierem,
1331 1565 1556 1618 subdititium

249 1640 291 1693 ft
316 1639 379 1692 effi
394 1669 406 1687 ‚
434 1652 550 1676 veram
572 1638 711 1691 stirpem
736 1635 915 1689 ignoranti
947 1632 1087 1685 edidiffi’
1111 1645 1220 1684 genus
1234 1645 1250 1679 ,·
1277 1642 1381 1682 atque
1402 1628 1556 1680 obtesta-

258 1716 353 1750 tam,
385 1714 423 1740 ut
438 1732 449 1750 ,
470 1701 677 1754 priusquam
699 1701 748 1738 ad
773 1701 961 1737 Eumenem
986 1706 1141 1735 manaret
1163 1708 1241 1742 re5‚
1266 1693 1394 1745 Perseo
1424 1691 1551 1729 inimi-

259 1782 335 1806 cum
349 1799 360 1814 ‚
376 1766 550 1803 excederet
570 1764 617 1801 iis
634 1763 743 1810 locis,
758 1777 798 1800 ne
815 1761 1070 1811 interficeretur.
1104 1773 1142 1796 eo
1155 1757 1195 1809 se
1218 1755 1418 1794 exterritum
1430 1754 1558 1804 ‚fimul

250 1831 449 1884 sperantem
465 1827 613 1879 aliquod
626 1825 803 1863 auxilium
819 1840 840 1862 a
858 1823 1038 1861 Demetrio
1049 1853 1060 1869 ,
1075 1821 1112 1859 in
1129 1819 1276 1871 Syriam
1297 1820 1332 1871 se
1346 1818 1480 1856 contuli
1508 1832 1525 1855 e
1539 1831 1554 1854 .·

259 1903 361 1943 atque
379 1891 426 1929 ihi
436 1891 586 1942 primum
601 1921 612 1937 ,
628 1889 708 1942 quis
729 1889 801 1941 ipse
815 1888 955 1926 omnino
972 1885 1048 1938 effit
1059 1916 1071 1934 ,
1088 1885 1210 1937 palam
1225 1896 1394 1935 exponere
1411 1881 1550 1934 auficrn.

315 1957 401 1998 LX.
433 1959 574 1998 Aderat
598 1958 728 2008 juveni
762 1958 912 2004 forma,
936 1969 1018 2006 quae
1040 1953 1161 1994 Persei
1186 1952 1309 1992 filium
1335 1964 1414 1990 non
1437 1949 1555 1990 dede-

262 2029 389 2069 ceret,
416 2020 440 2059 fi
464 2034 510 2059 ex
538 2021 783 2060 similitudine
810 2019 923 2059 liberi
951 2017 1236 2057 aestimarentur.
1267 2014 1337 2054 His
1364 2011 1557 2062 confisus,

262 2092 375 2122 autea
392 2096 561 2134 quoque5
578 2082 639 2121 sed
657 2081 891 2128 clanculum,
907 2079 1178 2119 sollicitaverat
1196 2074 1459 2116 Macedonum
1475 2073 1556 2112 ani-

262 2162 377 2188 mos:
398 2161 522 2198 neque
552 2156 676 2185 motus
702 2146 753 2184 est
780 2144 1004 2196 quisquam,
1031 2143 1105 2182 sive
1132 2141 1238 2192 quod
1268 2139 1385 2179 fidem
1410 2136 1553 2177 fabulae

261 2210 422 2249 liaberet
449 2224 586 2257 nemo,
607 2209 677 2247 live
694 2207 856 2247 Romani
878 2205 1158 2244 metuebantur.
1188 2204 1292 2243 Tum
1317 2207 1445 2239 autem
1469 2197 1555 2249 ipso

264 2273 507 2312 hbe-rationis
530 2271 601 2311 suae
621 2268 827 2318 miraculo,
850 2269 990 2308 deinde
1007 2265 1296 2318 opportunitate
1315 2271 1552 2313 temporum,

314 2417 336 2452 (Ξ
364 2415 480 2447 LVIII.
506 2414 575 2447 Cic.
601 2414 640 2445 de
660 2412 817 2444 Divinat.
841 2422 869 2442 c.
901 2421 928 2443 z.
962 2409 1048 2441 Idem
1070 2408 1104 2439 in
1130 2405 1235 2438 Bruto
1255 2416 1284 2437 c.
1300 2413 1355 2442 27.
1373 2403 1460 2436 Idem
1486 2414 1550 2445 pro

272 2460 371 2494 scut.
389 2473 418 2494 c.
446 2471 498 2504 ¹3·
520 2460 543 2504 5
570 2458 657 2494 LIX.
680 2457 806 2502 Porph.
826 2468 880 2501 ap.
901 2454 1022 2489 Euseb.
1043 2452 1081 2487 L.
1104 2451 1296 2496 Ampelius.
1315 2447 1393 2483 Liv.
1415 2447 1507 2492 Epit-
