1673 3052
290 187 382 239 352
450 173 546 222 io,
588 168 1099 219 rRmNsHEMn
1137 134 1541 220 SUPPLEML

288 282 377 323 dem
399 279 605 332 tranquillo
631 286 710 319 erat
733 279 883 328 anim0,
901 279 1067 319 maxime
1093 292 1183 319 cum
1210 279 1264 319 ibi
1283 293 1438 332 quoque
1453 279 1580 321 valere

289 359 378 385 eum
405 345 523 395 gratia
540 345 575 383 Sc
596 343 777 382 amicitiis
796 343 1017 393 principum
1041 342 1301 383 intellexifl'et.
1325 343 1461 395 Itaque
1477 344 1582 382 varie

285 407 436 448 versans
463 406 592 445 animo
608 435 619 453 ‚
642 412 772 444 utrum
800 415 848 443 ex
874 405 952 443 vita
976 404 1045 444 filii
1071 405 1227 456 potius,
1257 418 1309 444 an
1342 417 1391 445 ex
1426 411 1552 445 morte
1568 433 1582 453 ,

285 473 457 513 fructum
483 470 699 520 perciperet
729 469 836 523 (erat
861 468 965 507 enirn
990 469 1041 508 ad
1073 468 1214 508 callida
1239 467 1394 508 consilia
1419 467 1583 507 minime

285 533 439 584 hebes)
471 533 632 573 Menam
657 532 851 583 quendam
881 543 928 571 ex
955 531 1089 570 amicis
1117 531 1285 572 Romam
1312 531 1458 578 mittit,
1483 531 1583 570 datis

286 597 336 637 ad
360 596 620 638 Nicomedem
659 595 875 643 mandatis,
903 601 944 633 ut
966 592 1045 645 ipse
1070 595 1107 633 δε
1139 593 1298 642 Menas,
1319 600 1506 644 tanquam
1530 591 1587 632 le-

288 660 368 713 gati
380 659 515 711 patris,
531 659 635 698 adito
651 658 781 698 senatu
795 689 806 707 ,
818 657 945 696 remitti
963 658 1151 711 pecuniam
1173 656 1433 708 postularent,
1448 672 1523 710 quae
1537 670 1586 696 ex

284 725 458 779 postremae
479 722 582 774 pacis
607 721 742 773 legibus
761 719 891 758 Attalo
915 720 1109 760 debebatur.
1140 718 1187 759 Id
1217 719 1241 758 si
1264 718 1356 758 effet
1378 717 1584 767 effectum,

289 785 396 838 parci
427 783 506 823 filio
535 783 719 833 jubebat:
752 782 806 822 sin
835 795 926 822 vero
954 781 1009 820 nil
1042 780 1285 830 obtinuisset,
1320 793 1368 820 ne
1393 781 1587 820 dubitaret,

291 860 383 888 eum
409 847 540 886 Romae
562 845 787 884 interficere.
815 843 920 883 hunc
944 845 984 882 in
1000 842 1134 890 usum,
1159 845 1194 882 ἃ
1218 855 1294 893 quo
1320 843 1469 881 minore
1487 841 1586 892 peri-

289 910 381 951 culo
404 909 553 948 facinus
577 915 799 959 perageret,
825 918 1003 945 cercuros
1024 904 1174 955 aliquot
1190 903 1341 952 Menae,
1370 901 1588 953 militesque

291 974 343 1014 ad
364 970 484 1012 millia
499 971 576 1010 duo
599 969 783 1009 attribuit.
809 967 946 1009 Missus
969 970 1006 1008 ὃς
1031 968 1078 1007 ab
1106 965 1236 1007 Attalo
1255 966 1307 1005 est
1323 965 1590 1012 Andronicus,

294 1047 418 1087 eoque
449 1032 619 1073 docente
640 1061 651 1080 ,
691 1031 854 1070 minorem
886 1031 1092 1083 imperatam
1129 1027 1192 1081 effe}
1219 1028 1405 1081 pecuniam
1436 1027 1590 1079 Pmfiae,

290 1112 397 1153 quam
419 1097 491 1150 ipse
513 1109 556 1134 ex
581 1108 666 1147 agro
691 1093 907 1147 Pergameno
934 1090 1124 1144 rapuzſjbt,
1151 1089 1245 1129 nihil
1268 1089 1329 1142 ff
1353 1089 1594 1128 remittendum

291 1159 446 1200 senatus
469 1156 630 1197 censuit.
1471 1201 1477 1203 „

349 1230 417 1271 vl.
443 1228 595 1275 Menas,
614 1238 704 1265 cum
730 1231 936 1275 acceptum
957 1221 1146 1264 Romanis
1167 1217 1429 1262 Nicomedem
1449 1217 1500 1258 de
1515 1230 1594 1257 me-

293 1294 361 1334 dio
384 1287 800 1342 tollerepericulosum
818 1286 930 1334 effet,
958 1298 1082 1336 neque
1103 1284 1223 1323 tutius
1249 1283 1298 1322 ad
1323 1294 1469 1332 regem,
1485 1294 1595 1320 man-

296 1356 389 1395 dato
414 1356 495 1404 ejus
518 1351 754 1404 posthabito,
779 1350 938 1397 reverti,
957 1361 1022 1399 per
1039 1347 1190 1396 aliquot
1206 1344 1288 1384 dies
1315 1345 1484 1384 incertus
1500 1355 1597 1382 con-

295 1418 368 1459 filii
386 1418 427 1456 in
450 1415 544 1455 urbe
566 1413 738 1454 substitit.
778 1411 1045 1452 Subodoratus
1071 1407 1223 1448 causam
1240 1406 1498 1455 Nicomedes,
1517 1404 1597 1445 eol-

296 1479 479 1531 loquium
517 1476 705 1528 expetivit
733 1473 905 1513 hominis
925 1505 936 1521 ,
970 1473 1011 1512 id
1050 1471 1175 1523 ipsum
1215 1469 1357 1520 cupide
1393 1468 1595 1520 amplexi,

299 1542 574 1591 convenitque,
586 1551 625 1578 ut
647 1538 831 1592 impiarum
854 1536 1052 1588 infidiarum
1066 1532 1268 1586 ftazcdesin
1289 1542 1394 1584 caput
1418 1530 1495 1581 ejus
1509 1561 1520 1577 ‚
1537 1528 1599 1583 qui

292 1603 491 1659 struxsset,
520 1612 802 1641 converterentur.
826 1598 1034 1638 Affumitur
1057 1597 1097 1635 in
1117 1594 1393 1634 conscientiam
1410 1591 1600 1632 Androni-

301 1681 394 1716 cus,
419 1675 462 1707 ut
483 1679 551 1717 per
577 1677 666 1704 eum
698 1661 864 1710 Attalus,
888 1675 927 1700 re
962 1660 1141 1711 cognita,
1167 1657 1300 1708 juveni
1326 1656 1515 1706 Bithyniae
1540 1669 1599 1695 re·

301 1743 424 1782 gnum
450 1729 627 1769 invasuro
660 1739 766 1766 arma
789 1724 961 1775 viresque
991 1729 1232 1775 praepararet.
1265 1720 1410 1760 Priores
1437 1719 1493 1758 illi
1514 1718 1597 1760 dis-

301 1794 515 1834 cefferunt:
553 1794 604 1831 ita
635 1789 849 1840 composita
874 1802 936 1836 re,
962 1795 1005 1828 ut
1031 1787 1080 1826 ad
1107 1785 1293 1826 Bernicen
1318 1783 1449 1837 (Epiri
1473 1783 1595 1834 oppi-

309 1856 446 1897 dulum
463 1854 542 1905 est)
560 1853 773 1906 appellenti
797 1858 1053 1890 occurrerent.
1068 1848 1127 1888 Ibi
1147 1848 1410 1899 egredientem
1426 1858 1473 1885 ex
1488 1844 1599 1894 navi,

308 1932 400 1959 cum
420 1919 658 1970 quingentis,
681 1928 776 1967 quos
801 1913 986 1962 habebat,
1012 1910 1212 1959 militibus,
1231 1909 1469 1949 Andronicus
1490 1919 1603 1947 exce-

305 1981 387 2033 pit,
418 1979 589 2031 regisque
617 1976 858 2030 appellatum
893 1974 1080 2020 nomine,
1116 1972 1227 2020 cujus
1265 1972 1299 2009 Sc
1334 1968 1515 2008 habitum
1545 1966 1603 2006 as-

307 2042 520 2088 sumserat,
545 2039 759 2080 honorifico
784 2036 973 2085 cumssuis
999 2034 1186 2074 comitatu
1210 2030 1441 2071 deducebat.

366 2115 452 2155 VII.
478 2111 906 2161 Mena8,ignorantia1n
932 2108 1227 2151 anteactorum
1246 2106 1281 2142 Sc
1307 2112 1413 2151 tum,
1429 2109 1474 2140 ut
1495 2099 1535 2139 in
1559 2111 1602 2139 re

310 2177 437 2218 subita
451 2207 461 2224 ,
481 2174 810 2226 perturbationem
836 2170 1015 2209 simulans
1029 2200 1040 2215 ‚
1064 2166 1227 2206 accurrit
1249 2166 1298 2204 ad
1324 2163 1430 2212 suos,
1449 2165 1485 2203 ἃ
1506 2161 1606 2201 mul-

311 2241 361 2280 tis
386 2238 487 2291 quali
514 2249 582 2289 per
604 2234 881 2286 indignationis
905 2232 1033 2271 aesturn
1058 2240 1203 2269 temere
1227 2226 1350 2267 effusis
1365 2257 1376 2274 ,
1394 2240 1495 2279 porro
1518 2223 1606 2277 quid

311 2306 511 2358 agendum,
533 2302 658 2351 inquit
671 2331 681 2347 ‚
704 2300 833 2338 milites
847 2301 867 2338 ,Ρ
892 2312 1000 2349 neque
1013 2297 1103 2335 enim
1123 2294 1215 2332 levis
1234 2294 1277 2347 est
1303 2285 1609 2340 deliberati03seri

325 2484 343 2511 Α
369 2438 456 2488 ἦν.
480 2436 603 2469 Zonar.
627 2434 775 2479 Appian.
797 2433 918 2477 Polyb.
944 2432 966 2475 §
992 2430 1052 2465 VI.
1075 2427 1196 2462 Justin.
1220 2436 1262 2471 34
1278 2452 1286 2468 ,
1307 2437 1342 2468 4.
1366 2425 1475 2459 Strab.
1496 2424 1520 2456 1.
1551 2430 1606 2465 13.

352 2494 466 2526 ppran.
