1673 3052
280 174 771 220 ·1NL·OC.L1}3.
830 174 898 219 LI
962 174 1107 220 LIV.
1210 176 1213 177 ⁷
1287 173 1378 235 381

91 278 236 320 incerte
252 281 411 321 vifloria
434 288 647 331 pugnatum
673 280 787 329 esset,
815 281 1043 321 Punicarum
1072 281 1227 320 navium
1245 280 1380 331 guber-

92 343 296 383 natoribus
319 344 496 382 recedere
512 343 631 382 visum
645 373 656 391 ‚
682 356 761 382 non
783 343 883 394 quasi
907 344 986 382 vim
1007 343 1170 382 hostium
1199 343 1299 382 male
1321 343 1381 382 sua

91 404 346 454 stinentibus,
368 405 434 444 sed
463 405 551 455 quia
579 418 669 443 cum
692 405 779 444 luce
813 405 1071 456 redintegrare
1099 418 1269 456 pugnam
1300 418 1383 444 ma-

95 465 238 506 lebant.
259 466 318 506 lbi
335 478 450 517 parva
473 468 624 517 navigia
646 479 733 505 curn
757 467 913 506 introire
936 478 1090 517 portum
1108 465 1377 516 occupassent,

91 526 344 578 fingulis-pro
376 526 414 566 se
447 527 732 576 festinantibus,
757 527 909 566 incursu
946 527 1110 566 aliorum
1149 528 1188 566 in
1221 528 1295 567 alia
1328 528 1381 566 ita

79 588 324 639 *constipatus
349 589 402 628 est
429 589 576 637 aditus,
600 597 643 628 ut
673 592 835 639 majores
868 591 1010 629 deinde
1042 603 1157 630 naves
1176 621 1188 638 ,
1218 591 1381 630 introitu

66 662 70 666 “
93 649 316 700 desperato,
341 651 390 689 ad
414 663 589 701 aggerem
613 650 809 702 applicare
824 651 861 689 se
878 662 1126 702 cogerentur,
1143 665 1257 702 quem
1277 653 1381 691 haud

91 710 230 761 procul
258 710 450 765 moenibus
467 709 590 758 olim,
618 712 667 750 ad
691 713 922 762 exponenda
951 722 1210 752 mercatorum
1239 727 1377 763 onera,

94 773 306 819 funerum,
321 785 463 823 nuper,
489 785 536 811 ne
557 773 605 812 ab
631 773 802 813 hostibus
817 783 1028 825 occupatus
1053 776 1270 826 periculum
1293 777 1378 816 urbi

97 844 266 885 crearet,
291 835 410 875 lorica
433 837 766 886 praemuniverant.

150 905 276 946 XVII.
309 906 368 945 Ad
381 904 484 944 hunc
508 906 624 956 igitur
647 919 845 958 aggerem,
870 908 991 957 proris
1009 909 1049 947 in
1072 908 1219 948 hostem
1245 908 1381 948 obver-

100 967 160 1015 fis,
178 965 337 1006 exclusae
364 975 476 1017 portu
509 979 623 1007 naves
649 968 916 1016 constiterant,
940 972 975 1009 &
1000 969 1286 1021 suggredientes
1304 985 1383 1010 non

97 1029 353 1069 <tx-tabulatis
375 1037 524 1069 tantum
550 1029 824 1081 propulsabant
840 1062 851 1079 ,
876 1030 942 1069 sed
969 1032 1087 1070 etiam
1116 1032 1163 1071 ab
1187 1045 1323 1083 aggere
1346 1034 1382 1072 Se

97 1090 218 1131 lorica
251 1091 413 1142 superne
445 1092 697 1141 jaculantium
735 1106 811 1143 ope
839 1093 1156 1133 defendebantur.
1196 1094 1254 1134 Ita
1281 1108 1382 1134 nova

95 1166 235 1204 pugnae
266 1153 389 1192 forma
415 1153 519 1201 erat,
555 1154 737 1193 Romanis
766 1154 926 1204 quidem
971 1155 1113 1206 aequior
1141 1153 1192 1194 ob
1218 1155 1386 1196 liberum

98 1214 276 1254 adversus
298 1215 432 1254 stantia
454 1216 608 1266 navigia
632 1217 849 1267 impetum3
881 1216 947 1256 sed
972 1218 1121 1267 quoties
1144 1219 1385 1257 retrocedere

99 1275 304 1322 volebant,
333 1276 527 1327 molesque
558 1278 623 1316 ista
658 1277 861 1328 longarum
897 1280 1056 1318 navium
1088 1280 1384 1330 circumagenda

98 1337 374 1385 erar,v1“cilsim
411 1338 516 1378 haud
543 1340 691 1378 minora
714 1340 761 1378 ab
796 1339 995 1379 hostilibus
1026 1341 1167 1380 damna
1190 1341 1386 1392 patieban-

101 1409 189 1449 tur,
214 1413 329 1451 quam
357 1402 466 1440 rectis
490 1403 612 1451 proris
638 1402 869 1443 intulerant:
909 1403 1033 1442 donec
1061 1405 1267 1454 peregrinis
1292 1406 1387 1442 arti-

100 1463 174 1502 bus
198 1464 381 1503 Romanae
407 1464 538 1503 virtuti
567 1464 808 1504 subventum.
837 1465 1052 1505 Sidensium
1081 1468 1248 1518 quinque
1274 1480 1388 1506 naves

101 1526 201 1564 inter
215 1524 357 1564 auxilia
371 1525 561 1575 Scipionis
587 1534 706 1574 erant,
725 1540 822 1577 quae,
841 1528 1103 1567 animadverso
1121 1530 1389 1578 incommodo,
1414 1556 1421 1564 -

99 1586 179 1626 hoc
203 1588 417 1626 remedium
453 1589 731 1639 excogitarunt.
767 1601 925 1628 ancoras
959 1591 1186 1630 rudentibus
1215 1591 1387 1641 alligatas

101 1651 277 1698 jecerunt
295 1662 339 1687 eo
362 1663 383 1688 a
407 1649 776 1700 Carthaginienssum
801 1651 962 1690 navibus
985 1653 1208 1701 intervallo,
1226 1654 1329 1703 quod
1351 1656 1387 1692 ok:

101 1712 152 1750 ad
175 1711 364 1762 impetum
391 1712 595 1751 rostrorum
621 1711 833 1761 sufficeret,
858 1716 891 1753 ἐξ
912 1713 1195 1765 longitudinem
1214 1716 1389 1764 funium,

103 1786 153 1813 ex
179 1773 317 1824 quibus
341 1774 506 1825 religatae
530 1786 636 1814 erant
658 1788 823 1825 ancorae,
847 1790 926 1816 non
951 1780 1162 1818 excederet.
1192 1779 1248 1819 Ita
1264 1780 1391 1818 conci-

103 1845 185 1877 tato
220 1836 377 1890 remigio
420 1837 458 1876 in
495 1836 639 1876 hostem
672 1839 830 1878 invee’tae
853 1871 864 1888 ,
897 1839 962 1878 ubi
1001 1842 1121 1880 ictum
1155 1842 1387 1889 intulerant,

104 1897 289 1937 continuo
315 1900 484 1938 attractis
505 1899 746 1938 ancoralibus
770 1901 818 1939 ad
841 1900 987 1949 locum,
1023 1903 1126 1941 unde
1142 1906 1279 1943 eveesae
1308 1905 1390 1943 fue-

104 1969 209 2008 rant,
231 1961 283 2000 ita
306 1962 614 2010 revertebantur,
635 1973 678 2002 ut
698 1976 809 2013 prora
826 1964 993 2003 hostibus
1021 1965 1197 2014 obversa,
1215 1965 1310 2005 nihil
1337 1967 1391 2004 in-

106 2025 155 2063 de
185 2024 358 2074 accipere
398 2024 637 2079 incommodi
667 2027 826 2076 possent.
856 2040 898 2065 ea
923 2029 1072 2066 ratione
1098 2030 1268 2077 repetitis
1293 2029 1389 2079 saepe

106 2085 255 2126 vicibus
292 2086 461 2126 immissae
495 2089 761 2138 retractaeque,
799 2088 967 2129 hostibus
1005 2090 1280 2130 detrimentum
1312 2092 1386 2129 sine

106 2147 283 2201 periculo
310 2147 375 2187 suo
400 2150 630 2190 inferebant.
657 2153 793 2192 Secuta
818 2152 869 2190 est
894 2152 1119 2203 exemplum
1145 2162 1268 2193 cetera
1299 2153 1393 2192 clas-

106 2211 154 2249 fis
166 2241 177 2257 ‚
195 2212 245 2256 St,
264 2210 303 2248 in
321 2212 472 2250 noctem
497 2211 613 2263 usque
628 2206 822 2262 protracto
837 2215 1061 2262 certamine,
1078 2214 1116 2252 in
1132 2214 1267 2253 urbem
1283 2214 1390 2253 Poeni

107 2271 310 2320 recessere,
344 2273 511 2323 depressa
539 2284 605 2313 aut
637 2285 748 2325 capta
783 2275 1040 2326 relinquentes
1074 2277 1247 2327 navigia,
1280 2287 1391 2327 quot·

108 2344 205 2385 quot
225 2335 358 2386 fugam
383 2335 537 2376 suorum
565 2336 668 2386 sequi
692 2338 956 2387 nequiverant.

158 2470 180 2512 §
206 2469 312 2503 XVH.
340 2469 413 2502 Liv.
438 2470 525 2513 Epir.
551 2472 695 2516 Appi-an.
