1673 3052
321 196 417 247 1108
685 194 1242 244 T1T1L1V11

321 307 404 365 sc,
435 316 632 352 retentus
657 303 890 351 altitudine
911 303 1078 359 amnis,
1109 302 1298 350 manfit..
1317 295 1607 364 Quospatid

323 378 540 440 temporis
566 388 706 439 ponte
728 375 948 439 perfe&o‚
969 375 1176 422 traduffis
1197 373 1364 437 copiis,
1390 373 1602 434 diei-prm

323 452 485 515 greffus
511 451 622 509 iter,
655 450 844 497 obvium
866 450 1184 497 Archidamum
1207 448 1453 511 principem
1470 448 1604 498 AEtoo,v

322 524 501 580 lorum,
523 541 601 587 per
621 541 753 587 quem
775 524 815 570 ei
835 526 1003 570 Stratus
1024 523 1302 581 tradebatur,
1330 522 1500 568 habuit.
1521 542 1525 560 1

391 599 539 644 XXII.
571 599 639 644 Eo
666 597 738 643 die
763 598 818 643 ad
845 595 978 643 finem
1007 596 1098 660 agri
1123 594 1262 642 AEtoli
1285 594 1419 642 castra
1443 594 1602 657 posita.¹

322 672 432 720 Inde
458 671 600 717 altero
627 671 699 717 die
718 671 771 717 ad
793 671 989 717 Stratum
1011 681 1308 732 perventum:
1331 669 1436 725 ubi,
1454 683 1601 732 prope

325 745 578 792 Acheloum
600 763 776 792 amnem
802 745 951 792 castris
977 745 1155 807 positis,
1184 742 1599 806 cumexspeEtaret‚

325 817 492 865 effusos
512 818 726 865 omnibus
759 818 902 880 portis
920 819 1098 865 AEtolos
1120 819 1163 863 in
1181 816 1314 864 fidem
1348 817 1467 864 suam
1488 833 1602 863 ven-

324 902 452 938 turos
469 927 484 949 ‚
501 890 663 938 clausas
683 903 835 954 portas
850 927 862 947 ‚
882 904 1013 954 atque
1039 890 1129 952 ipsa
1152 907 1198 936 ea
1220 890 1352 936 nocte
1367 926 1381 946 ‚
1404 905 1490 952 qua
1516 890 1602 934 [ve-

324 977 455 1011 nerat
469 1001 484 1022 ‚
504 977 737 1027 receptum
765 965 1015 1010 Romanum
1048 963 1293 1026 praefidium
1323 981 1422 1011 cum
1442 964 1496 1008 C.
1516 963 1603 1008 Po-

324 1038 457 1101 pillio
483 1038 630 1102 legato
658 1039 847 1085 invenit.
888 1037 1112 1100 Principes
1129 1073 1142 1095 ‚
1161 1039 1239 1101 qui
1268 1036 1495 1100 praesentis
1517 1032 1600 1080 Αἰ·-

325 1111 522 1158 chidami
552 1112 819 1158 auctoritate
855 1112 1072 1173 compulsi
1112 1129 1256 1175 regem
1291 1110 1604 1168 arcessieram,

323 1183 512 1231 obviam
541 1183 709 1247 egresso
740 1183 1009 1230 Archidamo
1035 1184 1261 1247 segniores
1291 1183 1421 1242 faeti,
1450 1183 1606 1228 locum

326 1256 522 1304 adversae
549 1255 733 1303 faffioni
760 1257 972 1304 dederant
997 1259 1049 1303 ad
1077 1258 1320 1320 Popillium
1353 1272 1456 1303 cum
1482 1254 1606 1300 mille

326 1328 551 1391 peditibus
572 1328 627 1374 ab
645 1327 879 1375 Ambracia
900 1329 1217 1376 arcessendum.
1251 1330 1300 1373 ln
1327 1339 1529 1388 tempore
1555 1327 1606 1373 δε

327 1401 617 1458 Dinarchus,
648 1399 884 1466 praefeRus
916 1402 1119 1459 equitum
1146 1399 1286 1464 gentis
1317 1399 1606 1455 AEtolorum,

326 1489 432 1519 cum
459 1471 677 1519 sexcentis
701 1472 926 1534 peditibus
951 1475 1000 1520 &
1021 1473 1245 1537 equitibus
1269 1483 1445 1519 centum
1465 1470 1613 1518 venit.-

326 1547 437 1594 Satis
473 1546 728 1605 constabat,
757 1564 886 1603 eum,
910 1560 1118 1610 tanquam
1150 1547 1206 1594 ad
1236 1544 1386 1591 Persea
1415 1544 1606 1590 tenden-

326 1631 447 1676 tem,
467 1620 661 1667 Stratum
688 1620 887 1667 venisse:
918 1632 1092 1668 mutato
1120 1620 1280 1666 deinde
1302 1635 1401 1666 cum
1422 1615 1610 1664 fortuna

327 1693 479 1740 animo
495 1729 509 1751 ‚
542 1692 758 1740 Romanis
788 1691 831 1739 se
848 1729 860 1749 ,
887 1693 1097 1741 adversus
1128 1709 1243 1755 quos
1268 1703 1479 1745 venerat,
1503 1687 1610 1748 jun-

327 1764 447 1811 xiffe.
484 1765 582 1811 Nec
616 1765 834 1827 Popillius
865 1764 1092 1821 securior,
1113 1782 1245 1827 quam
1279 1764 1465 1810 debebat
1496 1760 1610 1817 effe‚¹

328 1838 446 1886 inter
462 1849 552 1884 tam
572 1838 756 1885 mobilia
773 1838 950 1901 ingenia
970 1852 1075 1886 erat.
1108 1838 1255 1885 claves
1273 1849 1502 1900 portarum
1524 1853 1606 1883 cu-

330 1910 610 1974 stodiamque
628 1927 863 1957 murorum
880 1911 968 1957 suae
989 1911 1213 1973 extemplo
1233 1909 1459 1972 potestatis
1479 1907 1609 1956 fecit:

329 1983 618 2031 Dinarchum
646 1984 913 2047 AEtolosque
944 2001 1043 2031 cum
1072 1984 1309 2045 juventute
1337 1981 1607 2031 Stratiorum

330 2057 381 2104 in
409 2073 554 2103 arcem
581 2074 660 2118 per
686 2057 877 2119 praefidii
903 2057 1066 2119 specim
1094 2059 1284 2104 amovit.
1321 2055 1526 2110 Perseus,
1550 2055 1608 2101 ab

333 2130 671 2177 imminentibus
700 2129 916 2192 superiori
945 2130 1063 2192 parti
1086 2130 1205 2176 urbis
1227 2129 1406 2175 tumulis
1426 2128 1610 2174 tentatis

332 2203 577 2265 colloquiis
594 2239 606 2260 ‚
630 2220 731 2249 cum
751 2202 999 2249 obstinatos
1018 2215 1149 2255 atoue
1170 2201 1302 2247 etiam
1330 2199 1424 2245 telis
1449 2197 1610 2260 procul

332 2287 535 2321 arcentes
559 2275 759 2331 videret,
786 2275 985 2337 quinque
1018 2274 1156 2320 millia
1187 2272 1381 2334 pass'uum
1410 2272 1464 2318 ab
1496 2273 1610 2318 urbe

332 2364 455 2394 trans
480 2347 719 2394 Petitarum
752 2364 925 2394 amnem
956 2348 1107 2410 posuit
1137 2347 1282 2393 castra.
1317 2347 1380 2392 Ibi
1415 2345 1609 2392 consilio

336 2422 564 2468 advocato
579 2457 592 2478 ,
612 2438 713 2468 cum
741 2421 1036 2472 Archidant-ms
1059 2420 1435 2484 Epirotarumque
1461 2432 1610 2464 trans-

329 2494 456 2557 fugae
483 2495 756 2557 retinerent,
793 2495 1096 2542 Macedonum
1136 2492 1359 2558 principes
1396 2506 1492 2540 non
1518 2505 1606 2553 pu<
