1673 3052
267 199 362 250 300
426 187 522 237 JO.
565 186 1071 235 FREINSHEMII
1121 188 1482 240 SUPPLEM.

264 294 385 345 idque
409 295 476 334 fibi
503 302 654 346 putaret
674 294 894 346 agendum,
914 303 958 334 ut
973 294 1177 347 locupletis
1193 297 1398 347 provinciae
1421 298 1548 349 copiis

265 358 321 395 rei
348 357 545 397 familiaris
563 357 810 397 anhelantem
833 357 1006 407 inopiam
1029 357 1284 406 refocillaret,
1305 359 1546 400 occafionem

263 418 531 465 manubiarum
554 419 671 470 coepit
692 431 868 469 quaerere.
905 419 1057 458 Novam
1086 433 1248 470 pacem,
1275 427 1364 460 cum
1393 433 1433 460 re
1463 423 1548 461 aaa

262 480 556 531 supervenisset,
583 481 739 520 turbare
767 479 1023 531 periculosum
1055 481 1216 522 rebatur.
1262 483 1303 522 in
1325 483 1547 532 Turdulos,

265 543 503 593 Cantabros,
531 543 696 594 aliasque
721 545 918 591 nationes,
937 543 1118 583 Romanis
1145 543 1273 583 adhuc
1294 546 1406 584 armis
1436 545 1551 584 inco-

264 606 404 655 gnitas,
419 606 700 657 impreffionem
725 606 852 645 facere
874 605 1013 644 statuit.
1039 606 1085 644 ad
1108 604 1178 644 hos
1200 607 1269 646 iter
1287 619 1355 658 per
1370 607 1550 647 vaccaeos

263 676 354 707 erat.
395 669 484 708 Huc
505 669 619 720 igitur
642 669 743 719 signa
764 669 942 718 protinus
962 668 1100 716 infert,
1128 681 1216 707 cum
1240 681 1365 719 neque
1391 669 1551 708 muda-

258 735 348 768 tum
374 729 464 773 belli
487 743 576 770 curn
599 730 656 769 his
675 731 834 781 gerundi
851 731 899 770 ab
914 730 1069 778 senatu,
1086 744 1212 782 neque
1228 730 1379 771 causam
1397 730 1445 771 ab
1462 730 1549 781 ipfis

262 790 383 831 ullam
409 792 621 844 accepisset.
659 793 785 832 Cauca
813 802 915 832 trans
941 794 1093 843 Tagum
1110 793 1199 832 urbs
1223 793 1393 845 eran-ad
1413 805 1528 842 quam
1543 822 1556 841 ‚

263 853 478 894 transmisso
495 869 620 904 amne,
640 868 728 894 curn
745 855 860 894 castra
878 854 1071 905 posuisset,
1086 855 1312 895 mirantibus
1328 855 1550 906 oppidanis,

264 928 334 965 qua
365 915 403 952 in
431 918 612 954 Romanos
638 915 768 968 offinsa
794 917 998 966 olficlionem
1027 915 1217 968 meruzffbnt
1233 931 1249 964 ,⁶
1283 917 1549 968 Casperammm

263 978 419 1031 injurias
441 980 550 1017 ultum
567 981 607 1032 se
625 982 753 1028 venire,
775 978 962 1029 profeffns
977 979 1038 1018 est.
1062 979 1230 1027 Caucaei,
1253 979 1302 1018 ad
1318 979 1382 1019 sua
1405 980 1548 1019 tuenda

265 1040 432 1078 convers]
449 1070 460 1088 ,
487 1041 687 1090 postquam
713 1040 860 1080 hostem
883 1039 1109 1079 frumentari
1131 1039 1343 1091 lignarique
1367 1040 1550 1079 audacius

261 1100 597 1150 animadvertunt,
617 1102 818 1151 eruptione
842 1101 882 1139 in
906 1101 1075 1151 palantes
1092 1101 1191 1140 fae'ta
1207 1132 1218 1149 ‚
1235 1101 1376 1140 multos
1396 1101 1549 1140 interfi-

262 1162 393 1210 ciunt,
414 1163 580 1214 reliquos
600 1165 649 1202 ad
666 1163 744 1214 ipsa
765 1163 882 1214 usque
905 1163 1022 1202 castra
1046 1163 1248 1214 repellunt.
1272 1164 1409 1204 Primis
1433 1176 1548 1203 cona-

263 1222 366 1261 tibus
393 1236 482 1263 cum
507 1226 558 1264 ita
583 1223 830 1273 succeffiffet‚
847 1225 937 1264 facti
962 1224 1228 1274 animofiores,
1255 1225 1368 1276 {ignis
1392 1223 1546 1277 collatis

265 1285 449 1325 dimicare
466 1286 551 1326 sunt
570 1287 668 1327 ausi:
689 1290 744 1334 Sc,
765 1287 890 1326 donec
909 1286 1057 1326 eminus
1069 1286 1312 1336 certabatur,
1328 1286 1476 1327 levibus
1494 1286 1551 1326 as-

265 1346 373 1386 sueto
397 1348 542 1398 proeliis
555 1381 566 1398 ‚
588 1352 622 1389 ἃ
639 1350 686 1388 ad
707 1349 975 1389 velitationem
998 1350 1156 1390 meliore
1171 1349 1343 1401 Hispano
1357 1380 1368 1399 ,
1385 1349 1549 1389 consulis

267 1410 456 1449 exercitus
480 1410 690 1451 laborabat.
715 1412 803 1459 ubi,
825 1412 1024 1452 missilibus
1050 1411 1262 1461 exhaustis,
1286 1413 1336 1452 ad
1353 1425 1486 1453 manus
1513 1415 1549 1452 δε

268 1472 418 1521 gladios
438 1485 616 1523 ventum,
634 1475 748 1515 hostis
762 1506 772 1523 ,
796 1486 838 1514 ut
857 1476 895 1514 in
917 1476 1021 1515 nulla
1044 1489 1082 1514 re
1099 1477 1177 1526 pari
1194 1506 1205 1524 ,
1232 1478 1418 1516 continuo
1444 1485 1550 1527 terga

267 1536 381 1574 vertit
395 1566 405 1583 ,
422 1537 555 1576 urbem
581 1538 684 1577 haud
710 1538 825 1589 longe
843 1539 1041 1578 distantem
1060 1539 1253 1577 concitato
1276 1538 1384 1578 cursu
1398 1547 1548 1589 petens.

268 1598 412 1638 Aderat
427 1600 633 1650 Lucullus,
655 1601 756 1640 haud
780 1601 940 1651 segniter
962 1601 1140 1652 perculfis
1166 1601 1323 1641 instans:
1350 1603 1428 1650 ita,
1455 1602 1550 1640 dum

268 1672 339 1710 pro
377 1659 414 1698 se
443 1660 601 1711 quisque
631 1663 728 1700 inter
757 1663 899 1712 primos
928 1663 1062 1701 nititur
1087 1663 1324 1713 irrumpere,
1351 1661 1550 1712 constipati

267 1721 311 1759 in
333 1722 512 1772 angustiis
529 1735 724 1773 portarum
741 1725 901 1774 impune
917 1723 952 1763 se
966 1724 1169 1763 caedeudos
1187 1724 1319 1764 victori
1339 1724 1550 1775 praebuere.

268 1783 338 1821 tria
364 1785 484 1824 millia
506 1799 551 1825 eo
582 1786 667 1825 casu
693 1788 777 1826 sunt
807 1787 1025 1827 defiderata.

322 1854 416 1893 XX.
447 1855 536 1904 Quo
564 1868 652 1899 cum
681 1856 899 1895 cecidissent
923 1856 1066 1902 animi,
1093 1855 1272 1906 postridIe
1299 1857 1383 1904 ejus
1408 1869 1549 1906 pugnae

270 1925 359 1951 cum
394 1917 546 1955 coronis
576 1918 611 1956 δέ
644 1917 859 1967 supplicum
890 1916 1114 1956 velamentis
1147 1916 1310 1955 seniores
1343 1916 1548 1956 Lucullum

271 1978 437 2024 adeunt,
451 1981 577 2030 quibus
592 1982 762 2034 obsequiis
776 1982 914 2033 placari
930 1994 1125 2033 pateretur,
1142 1981 1361 2029 rogitantes.
1385 1979 1454 2019 Ille
1475 1981 1549 2030 pri-

270 2053 379 2079 mum
403 2042 556 2092 obfides,
581 2043 614 2080 6³
636 2046 767 2096 argenti
795 2045 929 2082 talenta
951 2057 1106 2090 (emtum,
1128 2042 1354 2093 postulavit3
1377 2044 1550 2096 equitibus

272 2103 377 2141 etiam
401 2117 512 2141 eorum
539 2105 628 2142 infer
641 2105 710 2156 fila
731 2106 874 2143 auxilia
894 2105 1042 2143 militare
1059 2104 1174 2153 justis.
1204 2105 1292 2144 HOC
1307 2104 1374 2143 ubi
1399 2113 1549 2155 promte

272 2176 292 2202 a
315 2162 482 2203 barbaris
503 2164 673 2205 factum:
703 2167 868 2214 adjecit,
890 2167 1045 2218 prafidio
1070 2167 1106 2204 in
1135 2168 1247 2205 urbem
1274 2167 1459 2205 introduelo
1476 2167 1547 2218 fibi

270 2239 358 2276 opus
381 2226 454 2278 effi.
479 2227 741 2266 Annuentibus
766 2230 800 2267 Sc
820 2227 895 2265 hoc
919 2227 1110 2275 Caucaeis,
1133 2227 1367 2266 delectOrum
1389 2240 1435 2266 ex
1461 2236 1545 2266 toto

272 2291 442 2327 exercitu
460 2291 536 2329 duo
554 2290 672 2329 millia
688 2303 754 2340 per
778 2291 875 2329 hanc
898 2291 1066 2340 speciem
1086 2291 1349 2330 introiverunt.
1377 2291 1452 2330 Sed
1477 2290 1547 2329 foe-

273 2352 321 2392 da
340 2353 502 2393 consulis
527 2353 679 2392 avaritia
700 2353 894 2392 moenibus
920 2353 978 2401 hi,
998 2362 1040 2392 ut
1061 2354 1287 2394 mandatum
1306 2363 1409 2400 erat,
1431 2364 1547 2391 occu--

321 2489 343 2531 §
380 2487 468 2537 1¹:131.
489 2488 597 2521 Strab.
622 2489 644 2521 1.
667 2499 698 2533 3.
722 2486 797 2519 le.
820 2485 907 2529 Epit.
926 2484 1071 2528 Appiam
