1673 3052
270 203 373 268 ,178
640 202 1211 254 T1T1L1V11

278 321 407 366 ante,
430 316 524 357 hon
554 319 794 357 contentus
827 326 968 374 regno
1000 310 1308 371 Macedoniae,
1332 306 1575 362 Dardanos

279 381 550 446 Illyriosque
571 381 893 446 oppugnasset,
916 383 1218 431 Bastarnarum
1238 384 1473 433 excivisset
1489 404 1576 433 au-

278 453 390 501 xilia
406 489 420 509 ,
440 453 475 499 is
500 465 594 500 tum
613 489 627 511 ‚
647 454 803 501 amiffo
837 455 1070 514 exercitu,
1095 455 1291 503 extorris
1323 473 1465 520 regno
1479 493 1496 515 ,
1524 458 1577 506 in

279 545 469 592 parvam
500 527 687 575 insulam
713 529 999 592 compulsus,
1027 530 1244 593 supplex,
1264 529 1358 577 fani
1385 526 1573 595 religio-

279 620 366 661 ne,
398 618 493 648 non
528 602 702 650 viribus
730 603 844 659 suis,
871 617 991 651 tutus
1021 604 1140 651 effet.
1176 604 1261 651 Sed
1299 605 1533 669 postquam
1556 641 1574 666 ,

279 679 429 737 Regem
463 678 612 737 Persea
646 677 805 738 consuli
838 678 992 722 Paullo
1013 676 1230 737 fidutiam,
1266 675 1402 740 legit;
1438 676 1572 724 mise-

278 748 505 795 rationem
526 765 709 794 omnem
727 747 907 794 stultitia
927 747 1176 811 ignorantis
1193 745 1424 796 fortunam
1449 748 1575 796 suam

278 819 459 874 exemit.
501 823 655 884 Itaque
692 835 950 884 quanquam
985 818 1033 865 in
1064 819 1236 882 reliqua
1265 831 1388 883 parte
1418 820 1574 868 litera-‘-

278 910 379 940 rum
405 892 590 939 minime
613 891 748 956 regiae
768 907 920 954 preces
937 903 1090 948 erant,
1110 903 1259 938 tamen
1281 892 1370 940 sine
1384 893 1574 957 respon·

278 965 330 1012 so
365 982 416 1012 ac
447 964 537 1010 fine
562 964 702 1011 literis
730 964 972 1027 ealegatio
998 964 1169 1012 dimiss'a
1191 964 1264 1010 est.
1299 965 1441 1012 Senfit
1465 968 1575 1013 Per-

277 1039 374 1086 seus
390 1075 402 1098 ‚
429 1038 554 1100 cujus
581 1037 781 1084 nominis
800 1037 1163 1086 obliviscendum
1184 1038 1307 1086 victo
1332 1039 1464 1087 effet:
1486 1040 1574 1087 ita-

277 1128 366 1175 que
400 1112 550 1158 alterae
575 1110 715 1158 literae
739 1128 841 1158 cum
877 1111 1047 1173 privati
1077 1112 1277 1158 nominis
1302 1111 1439 1159 titulo
1467 1114 1574 1159 mis-

277 1186 363 1242 sae,
394 1187 443 1232 &
472 1184 671 1246 petiere,
705 1185 755 1232 &
791 1183 1122 1247 impetravere,
1154 1197 1204 1232 ut
1224 1185 1362 1250 aliqui
1393 1186 1448 1232 ad
1467 1203 1572 1235 eum

277 1257 589 1311 mitterentur,
624 1271 729 1301 cum
761 1257 924 1318 quibus
945 1255 1076 1320 loqui
1108 1257 1163 1303 de
1194 1256 1305 1303 statu
1337 1259 1387 1306 &
1406 1259 1572 1306 condi-

277 1330 406 1376 tione
433 1327 519 1374 suae
551 1326 748 1374 fortunae
769 1328 928 1389 posset.
969 1327 1088 1374 Miffi
1119 1327 1221 1374 sunt
1241 1341 1330 1375 tres
1345 1329 1499 1394 legati,
1521 1333 1571 1380 P.

276 1401 495 1449 Lentulus
511 1437 524 1458 ,
543 1402 596 1447 A.
614 1399 869 1447 Postumius
888 1399 1078 1447 Albinus
1092 1437 1106 1459 ‚
1133 1404 1186 1448 A.
1207 1403 1448 1450 Antonius.
1482 1405 1571 1452 Ni·-

277 1475 343 1523 hil
371 1492 423 1522 ea
449 1474 672 1537 legatione
698 1473 945 1536 perfectum
976 1474 1061 1532 est,
1094 1474 1255 1523 Perseo
1280 1476 1451 1540 regium
1479 1495 1572 1525 no-

276 1566 383 1597 men
420 1548 549 1595 omni
578 1548 627 1596 vi
664 1547 987 1610 amplectente,
1023 1549 1208 1605 Paullo,
1244 1561 1294 1596 ut
1325 1549 1369 1597 se
1403 1549 1569 1614 suaque

276 1622 432 1669 omnia
465 1622 512 1667 in
539 1620 671 1666 fidem
691 1621 741 1667 &
762 1619 1045 1667 clementiam
1065 1620 1227 1684 populi
1247 1621 1444 1669 Romani
1465 1639 1571 1686 perq
1633 1655 1639 1681 3

275 1695 508 1750 mitteret,
545 1694 865 1741 contendente.

357 1770 413 1815 V.'
450 1768 578 1814 Dum
608 1766 704 1812 haec
735 1776 956 1829 aguntur,
985 1766 1128 1814 claffis
1163 1768 1251 1815 Cn.
1276 1767 1457 1816 Ostavii
1488 1770 1571 1817 Saa

274 1841 559 1888 mothracam
576 1840 636 1885 est
655 1838 848 1902 appulsa.
868 1841 906 1887 Is
927 1855 1136 1902 quoque,
1153 1841 1359 1903 praesenti
1378 1841 1568 1889 admoto

254 1928 476 1970 ‘ten-ore,
508 1914 650 1959 modo
683 1911 845 1969 minis,
879 1912 1021 1959 modo
1056 1912 1131 1976 spe
1164 1914 1407 1976 perlicere,
1440 1927 1492 1962 ut
1523 1915 1568 1962 se

275 1987 494 2044 traderet,
524 2003 628 2033 cum
658 1998 926 2041 conaretur3
964 1986 1140 2048 adjuvit
1160 1987 1205 2033 in
1236 1987 1324 2034 hoc
1345 2004 1448 2035 eum
1468 2005 1567 2048 res,

274 2060 351 2109 seu
383 2059 482 2107 casu
503 2053 743 2106 ’contracta
760 2095 773 2117 ,
798 2058 871 2105 seu
895 2059 1102 2107 consiliO.
1137 2062 1184 2106 L.
1204 2060 1365 2107 Atilius
1387 2061 1567 2108 illustris

274 2130 561 2189 adolescens,
598 2148 700 2177 cum
722 2131 767 2176 in
791 2131 1018 2178 concione
1048 2132 1132 2178 ess'e
1163 2132 1383 2195 populum
1403 2134 1567 2179 Samo-

274 2206 486 2253 thracum
520 2204 717 2251 animum
750 2204 1007 2251 advertisset
1027 2242 1040 2262 ‚
1076 2224 1100 2252 a
1128 2205 1451 2268 magistratibus
1484 2222 1568 2269 pe-

272 2277 379 2335 1i1t,·
412 2289 464 2322 ut
502 2276 582 2322 fibi
617 2277 770 2339 paucis
807 2277 1068 2339 alloquendi
1109 2278 1267 2341 populi
1302 2278 1567 2345 potestaten]

274 2351 494 2399 facerent.
522 2351 735 2398 Permiffo
751 2387 765 2409 ,
799 2355 953 2397 Utrum
978 2370 1055 2397 nos
1075 2387 1088 2407 ‚
1117 2354 1294 2413 lqujaites
1315 2355 1568 2398 Samothra-

276 2444 339 2472 ces
357 2461 372 2480 ‚
396 2444 483 2470 vere
503 2427 731 2486 accepimns
750 2460 762 2482 ‚
801 2425 988 2485 anfaffi)
1007 2460 1020 2482 ,
1035 2426 1207 2486 fizcram
1224 2428 1333 2471 lzanc
1350 2425 1530 2486 infidam
1548 2458 1566 2482 ‚

273 2498 319 2544 ἁ
357 2501 516 2566 augusti
547 2515 676 2546 totam
709 2516 826 2560 atque
856 2501 1049 2548 inviolati
1065 2501 1158 2561 soli
1184 2497 1292 2563 effe?
1321 2499 1438 2546 Cum
1460 2512 1563 2546 cre-
