1673 3052
293 192 832 240 HISTORIARUM
867 189 993 236 LlB.
1027 189 1163 235 XLII.
1315 202 1371 248 71

84 302 218 351 eastra
247 300 296 349 in
330 299 552 348 ulteriore
587 297 685 361 ripa
726 297 995 345 communit.
1031 296 1159 352 Rex,
1187 293 1375 357 postero

81 378 154 425 die
182 376 238 424 ad
256 374 531 424 lacefl'endos
558 371 727 436 proelio
757 370 905 418 hostes
932 368 1218 433 progressus,
1244 367 1374 429 post-

81 466 219 514 quam
250 460 372 495 trans
401 462 578 494 amnem
609 444 657 491 in
692 456 794 491 tuto
826 443 972 507 posita
1001 442 1137 490 castra
1168 440 1374 487 animad-

82 521 249 580 vertit,
280 520 504 567 fatebatur
541 517 725 583 quidem
763 527 1029 580 peccatum,
1067 513 1194 577 quod
1229 512 1374 575 pridie

81 611 178 642 non
199 593 416 642 institisset
435 593 593 649 viffis3
611 590 684 638 sed
703 589 936 652 aliquanto
956 586 1175 648 majorem
1192 585 1372 646 culpam

81 669 194 726 effe,
214 669 341 733 quod
360 668 493 716 noc‘le
518 667 637 715 foret
656 664 881 712 cess'atum.
912 679 1014 708 nam
1029 697 1046 718 ,
1074 672 1123 708 ut
1143 659 1370 706 neminem

81 744 220 790 alium
239 743 424 789 suorum
447 752 680 796 moveret,
698 737 792 785 levi
813 751 1035 783 armatura
1054 733 1264 792 immiffa,
1282 747 1373 780 tre·-

83 813 366 878 pidantium
354 831 403 860 m
422 813 604 859 tranfitu
619 809 820 858 fluminis
839 808 1035 858 hostium
1054 806 1189 853 deleri
1210 822 1373 867 magna-

84 904 141 934 ex
169 897 294 949 parte
316 883 472 947 copias
496 882 701 946 potuiffe.
729 880 949 928 Romanis
974 878 1157 943 quidem
1178 877 1373 941 praesens

82 972 229 1022 pavor
255 957 428 1004 demtus
458 965 578 1013 erat,
601 953 648 1001 in
673 966 774 1000 tuto
808 951 945 1000 castra
969 951 1264 998 habentibus:
1293 949 1371 995 da-

80 1046 238 1077 mnum
260 1029 378 1076 inter
398 1040 545 1076 cetera
574 1024 803 1089 praecipue
834 1024 966 1071 famae
985 1039 1095 1072 mov
1102 1024 1217 1070 ebat.
1252 1021 1332 1069 &
1321 1039 1371 1068 m

81 1099 274 1149 confilio
301 1099 420 1162 apud
447 1097 680 1147 consulem
707 1112 792 1159 pro
824 1094 866 1142 se
891 1094 1123 1159 quisque
1113 1111 1160 1140 m
1187 1092 1370 1143 AEtolos

81 1171 347 1221 conferebat
383 1169 586 1227 causam3
620 1171 673 1215 ab
710 1170 764 1214 iis
787 1168 906 1230 jugae
944 1169 1176 1228 terrorisfgue
1202 1168 1371 1228 princi-

72 1251 195 1311 pium
223 1263 371 1294 ortum.
391 1242 557 1315 [ὲειιιοὲ
579 1261 773 1306 pavorem
790 1247 1034 1290 AEtolorum
1065 1240 1106 1289 ὅ*
1136 1258 1278 1288 ceteros
1289 1242 1371 1302 sb-

79 1322 168 1369 cios
186 1321 418 1366 Graecorum
442 1321 707 1379 populorum.
739 1314 957 1377 Quinque
983 1314 1209 1376 principes
1235 1313 1370 1359 AEto-

80 1395 232 1441 lorum
262 1391 395 1455 primi
418 1402 540 1453 terga
570 1401 797 1436 vertentes
829 1386 1057 1450 conspeffi
1087 1386 1369 1434 dicebantur.

79 1463 274 1513 Theffali
316 1479 403 1526 pro
446 1461 674 1509 concione
717 1459 913 1520 laudati,
949 1458 1168 1522 ducesque
1205 1474 1370 1505 eorum

79 1539 212 1588 etiam
232 1536 412 1586 virtutis
434 1534 562 1583 causa
587 1532 759 1580 donati.
1264 1591 1267 1594 ‚

144 1613 260 1658 LXI.
297 1609 366 1656 Ad
389 1620 537 1672 regem
559 1606 702 1670 spolia
728 1604 946 1652 caesorum
974 1604 1171 1651 hostium
1202 1603 1366 1652 refere-

80 1683 257 1732 bantur.
279 1681 402 1728 dona
418 1697 475 1727 ex
492 1679 560 1726 his
573 1715 586 1737 ‚
600 1678 698 1725 aliis
718 1694 841 1723 arma
859 1676 1070 1739 infignia,
1090 1676 1187 1723 aliis
1202 1693 1369 1740 equos,

82 1754 343 1820 quibusdam
373 1752 580 1817 captivos
603 1752 730 1798 dono
758 1751 903 1798 dabat.
932 1751 1056 1798 scuta
1085 1763 1212 1798 erant
1235 1750 1368 1813 supra

82 1829 205 1877 mille
225 1827 501 1892 quingenta;
531 1825 687 1873 loricae
706 1824 997 1888 thoracesque
1022 1825 1145 1873 mille
1174 1826 1369 1889 amplius

82 1901 295 1949 summam
312 1898 575 1961 explebant,
593 1896 813 1960 galearum
832 1897 1176 1962 gladiorumque
1192 1899 1241 1945 &
1259 1898 1367 1945 mis-

82 1974 228 2022 filium
268 1972 417 2021 omnis
456 1970 630 2037 generis
673 1969 820 2031 major
858 1970 1089 2033 aliquanto
1137 1988 1369 2021 numerus.

82 2050 220 2108 Haec,
250 2065 330 2112 per
363 2048 406 2095 se
435 2047 608 2110 ampla,
640 2044 853 2108 pleraque
888 2044 1182 2108 multiplicata
1216 2046 1367 2094 verbis

81 2123 226 2187 regis,
246 2139 347 2186 quae
373 2122 429 2168 ad
458 2120 733 2168 concionem
758 2131 930 2166 vocato
960 2121 1162 2166 exercitu
1196 2120 1368 2168 habuit.

82 2197 401 2259 Praejudicatum
428 2212 611 2242 eventum
643 2195 737 2237 belli
763 2194 934 2239 hahetis.
967 2196 1177 2241 Meliorem
1204 2212 1366 2255 partem

82 2272 253 2336 hostium
266 2305 280 2328 ,
300 2271 524 2331 equitatum
545 2271 783 2314 Romanum
796 2301 809 2324 ‚
829 2285 907 2327 quo
928 2269 1158 2327 inviflossk
1182 2267 1252 2331 eff}
1267 2274 1364 2329 glo-

82 2342 523 2406 riabanturw,fuclisti5.
549 2341 720 2400 Equites
744 2340 852 2384 enlm
881 2341 969 2384 illis
986 2342 1196 2399 principes
1203 2340 1362 2395 juvem-

82 2417 202 2471 tutis,
223 2417 369 2476 equites
384 2414 665 2475 seminarium
685 2412 863 2471 senatus
883 2429 896 2456 .“
925 2414 1020 2456 inde
1047 2407 1165 2456 leflos
1194 2414 1238 2456 in
1269 2413 1364 2456 Pa-

82 2503 190 2534 trum
213 2506 426 2534 numerurm
455 2488 664 2548 confides,
700 2488 796 2531 inde
824 2488 1083 2544 imperatores
1102 2501 1252 2532 creant.
1286 2488 1363 2531 ho-

1014 2556 1115 2614 E4
