1673 3052
250 211 348 260 340
417 201 516 248 JO.
559 196 1071 245 FREINSHEMII
1117 196 1477 248 SUPPLEM

241 316 376 349 cretus
405 308 453 349 ab
483 308 590 357 aliis,
619 313 685 346 aut
717 313 826 346 extra
854 305 1024 358 praefidia
1046 312 1204 358 vagatus
1224 303 1542 359 deprehendet&⁴

247 377 333 419 tur,
355 384 453 411 >eum
480 371 605 410 severe
631 369 850 421 castigabat.

307 438 465 480 XLVII.
498 439 648 479 Horum
683 450 771 477 cum
800 436 994 479 Phamaeas
1019 437 1181 478 nesciret
1206 436 1328 488 nihil,
1353 437 1459 478 hunc
1479 437 1540 479 so-

242 501 329 540 lum
356 514 400 541 ex
423 501 606 542 omnibus
630 501 794 541 timebat
820 502 989 553 aggredi.
1028 501 1134 552 quod
1160 500 1228 541 ubi
1248 501 1289 540 in
1311 514 1482 550 morem,
1500 503 1538 542 δι

244 576 296 603 ex
320 576 427 604 more
449 564 489 603 in
516 564 661 603 famam
688 565 827 610 vertit,
856 564 1001 603 invidia
1028 564 1196 614 correpti
1224 564 1342 603 ceteri
1367 563 1539 603 tribuno-

245 638 331 666 rum
345 658 357 676 ‚
383 628 582 666 Phamaeam
597 657 610 674 ‚
626 628 669 665 ob
691 627 827 665 avitum
851 627 1061 680 hospitium,
1087 627 1182 679 quod
1206 625 1238 664 ei
1262 639 1336 664 cum
1352 625 1540 679 Scipioni-

241 688 310 726 bus
331 687 434 741 fft‚
451 705 474 728 a
494 688 688 742 lace-[sendo
708 688 912 727 AEmiliano
929 688 1111 741 abstinere,
1133 686 1536 728 comminiscebantur.

242 749 322 790 Sed
351 751 537 790 nimirum
574 751 711 790 frustra
744 751 885 801 premit
917 749 1101 790 virtutem
1138 750 1309 799 invidia;
1337 749 1444 801 quod
1472 744 1540 789 illa

241 811 395 863 semper
421 812 477 852 sui
503 812 631 852 similis
648 844 661 861 ,
692 814 727 854 ἃ
756 813 795 851 in
821 811 970 864 quasvis
999 812 1217 852 occasiones
1240 821 1418 864 promta,
1439 810 1540 863 saepe

241 873 391 915 invenit
422 875 552 926 gloriae
583 874 744 924 locum,
764 874 831 915 ubi
865 874 948 915 haec
973 874 1125 915 nullum
1152 875 1300 915 invenit
1321 872 1539 915 calumniae.

240 936 364 988 Igitur
396 938 662 989 nequidquam
697 946 921 989 oppugnata
947 937 1139 989 Scipionis
1164 937 1269 978 fama
1305 937 1410 989 apud
1439 936 1540 978 mili-

239 1009 321 1041 tem
336 1032 346 1050 ,
362 1003 465 1053 apud
490 1001 639 1042 hostem
663 1002 840 1054 quotidie
864 1001 982 1042 fiebat
1008 1001 1169 1050 clarior,
1195 1013 1287 1040 cum
1308 1013 1388 1040 non
1414 999 1535 1039 modo

239 1061 315 1102 suis
331 1061 512 1103 laudibus
526 1094 538 1114 ,
557 1064 623 1104 sed
640 1064 755 1103 etiam
771 1064 872 1103 vitiis
893 1064 1164 1112 inimicorum,
1185 1062 1535 1103 commendaretur.

237 1125 343 1166 Afris
360 1127 466 1166 enim
489 1127 528 1166 in
548 1127 699 1167 castella
722 1126 944 1177 turresque,
969 1139 1131 1177 quarum
1156 1137 1199 1164 ea
1219 1125 1258 1163 in
1281 1124 1438 1175 regione
1455 1136 1536 1163 ma-

243 1199 340 1236 gnus
366 1195 448 1226 erat
477 1199 658 1227 numerus
675 1217 687 1236 ,
713 1186 1051 1238 confugientibus,
1077 1185 1215 1238 reliqui
1240 1183 1383 1225 tribuni
1416 1183 1538 1224 fidem

242 1247 394 1288 dabant
420 1247 458 1288 se
483 1248 740 1297 dedentibus,
771 1248 1048 1298 fallebantque.
1083 1255 1124 1286 at
1152 1246 1282 1298 Scipio
1313 1257 1452 1296 magna
1474 1243 1538 1284 sa-

240 1311 335 1353 lutis
361 1325 495 1351 eorum
522 1324 613 1351 cura
645 1312 808 1351 domum
830 1310 968 1350 illaesos
997 1310 1243 1358 deducebam
1276 1309 1381 1348 unde
1409 1307 1538 1360 postea

240 1388 359 1415 nemo
387 1374 423 1413 se
439 1374 613 1415 Romano
640 1375 822 1425 cuiquam
837 1405 849 1422 ,
869 1373 936 1412 nifi
959 1371 1144 1423 praesente
1167 1372 1377 1423 Scipione,
1394 1369 1536 1410 dedere

242 1436 376 1476 voluit.
404 1446 556 1477 tantum
577 1437 683 1477 brevi
709 1445 885 1488 tempore
912 1444 992 1475 tarn
1014 1435 1119 1486 apud
1146 1436 1272 1484 cives,
1289 1446 1405 1486 quam
1430 1432 1538 1484 apud

242 1499 371 1539 hostes
387 1530 399 1547 ,
419 1501 540 1539 virtus
564 1501 646 1548 ejus
670 1498 843 1549 fidesque
867 1499 1152 1538 incrementum
1179 1496 1309 1548 gloriae
1331 1494 1480 1534 habuit.

300 1569 476 1611 XLVIII.
509 1568 593 1610 Post
621 1568 721 1608 hanc
747 1567 1034 1620 expeditionem
1063 1580 1154 1607 cum
1184 1566 1461 1618 Carthaginem
1488 1567 1538 1606 ad

245 1633 364 1672 castra
391 1631 604 1672 revertisset
635 1630 790 1680 consul,
826 1630 1021 1670 castellum
1047 1630 1332 1678 Romanorum,
1358 1629 1464 1680 quod
1489 1628 1539 1668 ad

245 1695 594 1735 tutelam-navium
629 1695 912 1734 exaedificatum
939 1703 1042 1744 erat,
1073 1695 1190 1733 noctu
1217 1706 1238 1732 a
1263 1692 1389 1733 Poenis
1416 1704 1540 1744 oppu-

246 1769 407 1811 gnatum
440 1759 492 1799 est
525 1771 614 1797 cum
649 1759 818 1798 maximo
852 1758 1043 1806 clamore,
1069 1770 1185 1808 quem
1214 1769 1293 1795 non
1322 1763 1540 1807 pugnantes

246 1823 369 1862 modo
384 1854 393 1871 ,
416 1821 480 1861 sed
501 1822 616 1861 etiam
640 1821 704 1871 qui
729 1820 852 1861 {elicii
876 1821 914 1859 in
942 1820 1037 1860 urbe
1058 1820 1235 1868 fuerant,
1252 1819 1302 1859 ad
1332 1817 1542 1858 distrahen-

247 1886 342 1923 dum
367 1884 515 1923 hostem
533 1883 732 1923 tollebant.
761 1881 1064 1933 processeratque
1085 1881 1171 1932 ipfis
1188 1882 1388 1920 inventum
1403 1877 1539 1927 suum,

246 1950 288 1987 ni
313 1949 443 1998 Scipio
465 1949 504 1986 in
524 1947 693 1986 exercitu
719 1944 857 1984 fuisset.
886 1946 1044 1995 Quippe
1067 1942 1198 1982 consul
1218 1942 1373 1992 ancipiti
1397 1939 1541 1979 tumul-

249 2023 319 2059 tu,
353 2011 458 2061 quod
485 2010 702 2061 periculum
740 2011 774 2048 <Sc
812 2007 879 2047 ubi
910 2008 1000 2046 ess‘et
1026 2005 1230 2054 dubitans,
1263 2017 1310 2043 ne
1335 2003 1538 2043 hostilibus

247 2075 392 2114 insidiis
418 2075 525 2112 daret
550 2072 707 2117 locum,
730 2071 816 2110 suos
842 2072 881 2109 in
906 2069 1030 2109 castris
1054 2067 1290 2107 continebat.
1319 2065 1447 2115 Scipio
1473 2077 1539 2103 au-

243 2148 343 2185 tem,
366 2135 535 2175 ass'urntis
562 2136 733 2188 equitum
762 2134 864 2172 haud
887 2131 1051 2182 amplius
1079 2130 1228 2169 duabus
1246 2127 1338 2175 alis,
1361 2139 1451 2166 cum
1478 2140 1539 2167 ac-

243 2199 366 2238 censis
402 2197 550 2237 facibus
576 2197 761 2243 accurrit,
793 2195 920 2234 edicio
956 2193 1055 2241 suis,
1083 2205 1131 2230 ne
1156 2192 1241 2242 quis
1270 2203 1338 2241 per
1363 2189 1538 2229 tenebras

254 2274 343 2301 cum
363 2259 470 2300 hoste
497 2265 762 2306 concurreret,
781 2257 846 2296 sed
867 2254 1139 2295 tantummodo
1162 2265 1252 2293 cum
1275 2251 1425 2292 facibus
1448 2251 1540 2291 obe-

317 2405 337 2445 ς
371 2403 491 2438 XLVI.
520 2402 645 2435 zonat.
678 2402 824 2446 Appian.
859 2401 881 2444 5
914 2399 1047 2431 XLVII.
1081 2397 1199 2430 Suidas
1231 2397 1266 2430 in
1306 2387 1540 2439 ἓιοιζηλοτυ·

245 2449 438 2535 ἴοιύμενοι.
494 2457 643 2501 Appian.
684 2454 830 2488 Diodor.
867 2453 957 2497 apud
980 2450 1147 2487 valesium
1170 2462 1199 2484 c.
1226 2450 1281 2491 48.
1311 2448 1433 2484 Zonar.
1462 2447 1540 2481 Liv.

268 2512 337 2545 ‘1¹²3‘
