1673 3052
269 182 356 226 116
624 174 1194 223 TtTtlelt

265 298 493 331 matorum
521 282 567 329 in
595 282 748 329 fronte
773 280 934 345 patuit.
969 283 1147 343 Itaque,
1171 275 1325 341 paucis
1347 280 1558 341 pugnari-¹

267 358 408 412 tibus,
431 368 578 404 cetera
603 354 847 401 multitudo
862 389 875 411 ,
898 353 1124 416 praecipue
1155 350 1234 415 qui
1262 349 1465 414 gravium
1487 365 1558 394 ar-

267 448 450 478 morum
468 441 625 487 erant,
646 428 914 492 spectatores
940 444 1100 490 pugnae
1135 426 1320 474 stabant.
1349 424 1464 471 levis
1491 440 1558 469 ar·

268 520 445 551 matura
472 502 603 549 etiam
635 519 715 565 per
743 500 964 549 anfrafius
995 499 1088 564 jugi
1118 514 1405 561 procurrere,
1433 498 1483 544 &
1501 495 1559 542 ab

270 578 481 624 lateribus
507 593 607 624 cum
643 575 736 622 levi
765 587 985 622 armatura
1014 570 1274 629 conserere,
1305 586 1384 633 per
1405 568 1561 632 iniqua

271 663 407 712 atque
444 665 570 711 aequa
601 647 709 693 loca·
732 662 928 709 pugnam
960 655 1127 706 petere.
1169 659 1251 699 ac,
1279 640 1481 705 piuribus
1509 655 1563 686 ea

271 721 345 771 die
366 721 634 775 vulneratis,
662 738 797 782 quam
819 717 1083 775 interfeffis‚
1105 716 1312 779 proelium
1335 715 1466 762 noste
1495 713 1562 758 di-

272 809 466 844 remtum
486 795 562 842 est.
586 794 747 852 Tertio
768 793 839 839 die
864 808 995 855 egere
1015 790 1208 838 consilio
1228 790 1462 836 Romanus
1479 784 1564 832 im-

271 882 486 934 perator:
509 885 611 915 nam
645 883 790 930 neque
815 882 992 912 manere
1022 865 1068 910 in
1095 863 1203 927 jugo
1235 860 1391 925 inopi,
1419 874 1566 922 neque

273 943 450 1009 regredi
473 943 563 989 fine
593 941 791 1005 flagiti0‚
819 953 952 1003 atque
979 940 1110 985 etiam
1141 936 1368 1000 periculo;
1390 933 1463 980 sed
1493 948 1566 979 ce-

274 1016 401 1064 denti
425 1034 482 1063 ex
512 1013 816 1078 superioribus
849 1013 961 1058 locis
994 1012 1155 1058 instare
1184 1009 1323 1058 hostis
1354 1020 1566 1071 poterat:

275 1106 360 1137 nec
382 1087 506 1136 aliud
527 1086 743 1143 restabat,
766 1102 897 1148 quam
922 1083 1125 1131 audaciier
1153 1081 1433 1129 commissum
1464 1095 1566 1140 per-

275 1161 415 1207 tinaci
443 1158 655 1215 audacia,
678 1174 777 1220 quae
804 1157 997 1220 prudens
1018 1154 1240 1202 interdum
1268 1152 1313 1198 in
1334 1150 1458 1198 exitu
1477 1148 1568 1208 est,

277 1231 524 1294 corrigere.
561 1231 763 1276 Ventum
796 1229 977 1291 quidem
1010 1240 1101 1274 erat
1129 1244 1208 1281 eo,
1228 1240 1308 1281 ut,
1333 1224 1364 1271 fi
1394 1222 1569 1269 hostem

277 1306 466 1353 fimilem
488 1303 682 1365 antiquis
699 1302 1002 1349 Macedonum
1024 1301 1201 1364 regibus
1219 1296 1433 1345 habuiffet
1453 1311 1570 1342 con-

280 1381 369 1436 sul,
386 1396 552 1442 magna·
565 1377 710 1425 clades
725 1376 870 1438 accipi
887 1374 1102 1438 potuerit.
1130 1372 1226 1430 sed,
1238 1388 1342 1418 cum
1360 1369 1412 1417 ad
1426 1368 1570 1416 Dium

280 1471 363 1518 per
383 1453 518 1498 litora
540 1468 643 1497 cum
665 1449 892 1512 equitibus
915 1460 1153 1512 vagaretur
1174 1462 1278 1504 rex,
1297 1447 1345 1492 ὃ(
1369 1445 1423 1491 ab
1438 1444 1570 1498 ‚duo-

283 1526 431 1573 decim
467 1523 664 1570 millibus
692 1520 1107 1584 propeclamorem
1139 1519 1189 1565 &
1224 1516 1449 1579 strepitum
1489 1531 1571 1577 pu-

283 1598 517 1663 gnantium
552 1595 749 1654 audiret,
774 1609 856 1640 nec
882 1593 1007 1639 auxit
1040 1591 1194 1654 copias
1227 1590 1428 1652 integros
1455 1586 1572 1633 feffis

283 1671 612 1727 submittendo,
630 1685 774 1732 neque
794 1666 909 1731 ipse,
928 1666 1054 1729 quod
1073 1665 1318 1728 plurimum
1335 1664 1572 1719 intererat,

285 1744 520 1792 certamini
552 1741 842 1789 adfuitzcum
875 1741 1106 1785 Romanus
1126 1733 1574 1799 imperator,¹ma}0r

284 1816 508 1880 sexaginta
528 1815 681 1871 annis,
701 1816 749 1861 &
769 1811 1011 1876 praegravis
1036 1826 1254 1873 corpore,
1279 1808 1431 1855 omnia
1455 1806 1572 1852 mili-

284 1888 398 1934 taria
430 1903 614 1933 munera
642 1884 732 1947 ipse
761 1883 947 1946 impigre
979 1881 1142 1928 obiret.
1174 1878 1359 1943 Egregie
1387 1877 1440 1923 ad
1470 1876 1574 1922 ulti-

285 1978 412 2008 mum
432 1960 479 2005 in
496 1959 700 2006 audacter
718 1956 954 2004 commiffo
974 1953 1305 2018 perseveravit:
1326 1953 1398 2009 &,
1418 1950 1574 2012 Popil-

287 2035 353 2081 lio
382 2035 539 2080 reficio
565 2034 609 2079 in
640 2032 840 2079 custodia
867 2029 985 2094 jugi,
1008 2046 1086 2092 per
1109 2028 1231 2075 invia
1259 2025 1575 2089 transgressus,

289 2108 543 2172 praemissis,
563 2105 639 2168 qui
658 2116 946 2168 repurgarent
968 2103 1073 2157 iter,
1091 2101 1288 2148 Attalum
1313 2100 1363 2146 &
1386 2097 1578 2161 Misage-

291 2197 395 2226 nem
409 2215 420 2237 ,
442 2196 543 2226 cum
566 2177 652 2224 suae
673 2177 815 2241 gentis
835 2188 1072 2238 utrumque
1096 2172 1382 2220 auxiliaribus
1398 2207 1411 2229 ‚
1429 2169 1578 2232 praefi-

290 2255 371 2300 dio
389 2252 472 2299 effe
494 2251 644 2298 saltum
669 2249 970 2313 aperientibus
988 2247 1129 2310 jubet.
1154 2245 1245 2308 ipse
1261 2281 1276 2304 ,
1300 2245 1473 2308 equites
1496 2242 1578 2289 im·

292 2326 637 2391 pedimentaque
654 2340 746 2387 prae
765 2321 806 2369 se
824 2322 1128 2380 habens,cum
1148 2318 1400 2383 legionibus
1418 2331 1578 2380 agmen

296 2410 437 2461 cogit.
939 2418 942 2419 ⁷

354 2474 418 2525 Ν.
448 2467 758 2520 Inenarrabilis
782 2467 911 2516 labor
930 2462 1298 2514 descendentibus
1320 2476 1421 2509 cum
1449 2457 1579 2506 ruina
