1673 3052
310 189 849 240 msToRtARUM
883 189 1004 240 ΗΒ.
1038 189 1177 242 xm.
1311 208 1364 260 51

81 292 219 345 bunal
247 293 502 360 legatorum
528 295 808 360 perfugisset,
829 297 949 345 haud
979 299 1171 346 multum
1195 298 1368 357 abfuit,

81 368 195 432 quin
213 369 270 414 ab
287 366 512 414 exsulibus
537 366 875 432 fautoribusque
901 385 1059 417 eorum
1088 369 1370 419 interficere-

82 454 173 491 tur.
203 442 377 489 Thebae
404 458 590 506 quoque
611 441 742 505 ipsae,
770 444 895 505 quod
913 444 1105 491 Boeotiae
1125 456 1260 507 caput
1278 445 1368 505 est,

82 513 133 562 in
153 531 319 579 magno
344 514 541 562 tumultu
559 527 713 572 erant,
733 515 830 562 aliis
851 516 905 562 ad
922 532 1070 579 regem
1087 517 1367 566 trahentibus

83 586 345 646 civitatem,
362 586 458 634 aliis
478 587 534 634 ad
552 588 801 636 Romanos,
818 589 868 635 &
887 587 1017 633 turba
1029 589 1368 638 Coronaeorum

83 659 500 723 Haliartiorumque
534 672 816 706 convenerat
843 660 898 706 ad
929 659 1257 708 defendendum
1287 663 1368 710 de·-

84 744 258 780 cretum
286 732 420 796 regiae
439 731 676 779 societatis.
705 731 778 779 sed
807 732 1056 780 constantia
1085 734 1368 797 principum,

81 805 347 852 docentium
382 803 581 851 cladibus
614 803 805 866 Philippi
834 804 1170 867 Antiochique,
1200 821 1368 870 quanta

82 866 190 925 ess'et
213 874 285 925 vis
313 877 362 923 &
390 874 574 922 fortuna
603 875 780 939 imperii
813 877 1042 934 Romani,
1069 878 1187 925 victa
1212 880 1368 928 eadem

83 950 327 999 multitudo
347 950 396 997 &
409 986 423 1008 ‚
440 962 489 996 ut
507 950 744 998 tolleretur
762 952 881 1015 regia
901 948 1088 999 societas
1100 988 1114 1011 ,
1133 953 1338 1019 decrevit
1351 989 1366 1012 ‚

84 1026 137 1072 &
163 1039 268 1082 eos,
288 1024 368 1086 qui
392 1024 593 1071 auctores
613 1025 888 1086 paciscendae
918 1025 1125 1073 amicitiae
1156 1027 1332 1074 fuerant
1351 1065 1367 1087 ‚

81 1098 141 1145 ad
169 1095 522 1144 satisfaciendum
549 1096 702 1159 legatis
724 1096 984 1143 Chalcidem
1000 1098 1149 1156 milit,
1172 1099 1369 1164 fideique

82 1168 337 1233 legatorum
367 1170 674 1216 commendari
702 1169 933 1216 civitatem
962 1169 1095 1232 juffit.
1115 1174 1366 1220 Thebanos

85 1243 281 1291 Marcius
311 1245 360 1291 &
390 1242 553 1291 Atilius
588 1243 678 1290 laeti
705 1244 970 1300 audierunt,
997 1243 1289 1308 auctoresque
1316 1247 1370 1293 &

82 1317 152 1363 his
179 1314 411 1378 separatim
429 1314 610 1377 singulis
641 1314 822 1362 fuerunt
842 1316 896 1361 ad
916 1319 1224 1364 renovandam
1250 1321 1370 1367 ami-

82 1385 234 1440 citiam
253 1385 458 1431 mittendi
488 1386 681 1430 Romam
711 1384 895 1448 legatos.
924 1389 1041 1433 Ante
1060 1389 1214 1435 omnia
1235 1392 1369 1438 exsu-

83 1460 149 1507 les
175 1457 345 1506 restitui
374 1458 620 1520 jufferunt,
651 1459 701 1505 &
734 1460 935 1506 auctores
973 1462 1104 1524 regiae
1141 1462 1367 1513 societatis

84 1529 270 1580 decreto
303 1530 384 1577 suo
415 1532 694 1578 damnarunt.
731 1534 818 1591 lta,
848 1535 975 1595 quod
1006 1535 1200 1583 maxime
1232 1539 1369 1586 vole-

84 1601 222 1661 bant,
256 1603 445 1651 discuffo
488 1605 704 1652 Boeotico
739 1606 965 1662 concilio,
1003 1607 1368 1671 Peloponnesum

84 1672 463 1740 proficiscuntur,
483 1679 575 1725 Ser.
603 1678 825 1726 Cornelio
856 1679 1115 1727 Chaicid‘em
1147 1685 1369 1733 arceffitO.

86 1750 218 1814 Argis
240 1750 476 1813 praebitum
504 1752 565 1799 est
591 1750 646 1799 iis
667 1752 943 1801 concilium:
970 1754 1046 1800 ubi
1066 1755 1179 1802 nihil
1205 1757 1326 1804 aliud
1343 1776 1371 1805 a.

86 1835 219 1888 gente
240 1823 515 1872 Achaeorum
542 1825 795 1888 petierunt,
820 1844 953 1890 quam
981 1840 1030 1874 ut
1055 1828 1178 1876 mille
1200 1831 1368 1880 milites

86 1899 251 1945 darent.
270 1898 315 1946 id
340 1899 590 1962 praesidium
614 1901 668 1946 ad
697 1900 957 1948 Chalcidem
987 1903 1195 1950 tuendam
1214 1940 1228 1964 ‚
1258 1907 1368 1953 dum

84 1966 318 2018 Romanus
333 1972 555 2019 exercitus
569 1972 616 2019 in
629 1973 855 2020 Graeciam
872 1973 1168 2035 trajiceretur,
1192 1978 1371 2026 miffum

85 2041 164 2089 est.
181 2043 375 2090 Marcius
393 2045 442 2091 &
455 2042 616 2090 Atilius
628 2080 642 2102 ‚
655 2045 864 2108 peractis,
878 2062 977 2108 quae
996 2047 1164 2109 agenda
1178 2047 1224 2094 in
1240 2051 1370 2096 Graen

14 2131 19 2142 ··
87 2114 157 2162 cia
177 2127 327 2175 erant,
346 2116 574 2178 principio
597 2117 755 2163 hiemis
775 2120 967 2166 Romam
987 2119 1229 2167 redierunt.

163 2189 304 2235 XLV.
337 2189 443 2235 Inde
474 2189 638 2253 legatio
670 2190 746 2236 sub
779 2190 898 2238 idem
931 2204 1106 2254 tempus
1140 2194 1188 2240 in
1224 2196 1370 2243 Asiam

87 2256 258 2306 circum
277 2260 436 2307 insulas
455 2261 590 2309 miffa.
613 2274 701 2309 tres
720 2277 843 2310 erant
863 2264 1017 2328 legati,
1035 2266 1107 2314 Ti.
1128 2268 1369 2327 Claudius,

86 2331 137 2379 P.
155 2332 428 2392 Postumius,
448 2336 512 2381 M.
535 2335 702 2382 lunius.
726 2336 757 2383 ii
778 2337 1107 2385 circumeuntes
1126 2339 1373 2386 hortaban-

86 2416 164 2451 tur
181 2405 330 2452 socios
350 2406 404 2451 ad
425 2406 748 2469 suscipiendum
767 2408 974 2455 adversus
994 2411 1144 2477 ¹Persea
1165 2429 1250 2473 pro
1273 2414 1373 2458 Ro-

84 2477 231 2526 manis
254 2477 450 2525 bellum:
478 2479 551 2536 &,
582 2496 674 2543 quo
703 2496 893 2545 quaeque
920 2484 1181 2545 opulentior
1210 2485 1373 2535 civitas

1000 2557 1049 2604 D
1087 2574 1113 2602 2
