1673 3052
247 212 346 265 '¹50
608 198 1176 248 TITILIVII

252 307 381 354 nium
404 305 625 370 oppidum
653 305 971 354 advenientem
997 306 1191 370 benigne
1220 303 1419 369 accepit:
1445 305 1540 354 Ca:

253 379 458 426 ravantis
483 379 620 426 altera
646 379 752 426 urbs
774 379 972 426 exclusit.
1001 382 1079 435 &,
1105 396 1207 426 cum
1232 394 1362 443 agros
1381 395 1541 426 eorum

255 452 389 499 effuse
410 452 628 508 vastaret,
651 452 825 516 aliquot
842 452 976 515 palati
995 451 1157 500 milites
1177 452 1410 516 agrestium
1428 462 1543 499 cond

256 525 385 573 cursu
406 525 625 573 interfeffi
652 527 768 575 sunt.
791 528 886 575 Jam
906 529 955 575 &
974 527 1057 589 Ap.
1076 525 1294 573 Claudius
1311 561 1325 582 ‚
1347 523 1545 573 affumtis

256 600 316 645 ad
344 615 448 645 eum
474 599 718 647 exercitum
734 635 749 657 ‚
777 616 909 659 quern
942 598 1164 654 habebat,
1186 597 1474 655 Bidinorum,
1495 599 1547 646 &

259 672 626 734 Apolloniatium
643 709 658 732 ,
686 675 736 720 &
768 672 1169 737 Dyrrachinorum
1199 671 1546 735 auxiliisspro-

258 746 400 793 secius
432 763 489 794 ex
522 746 748 799 hibernis.
771 745 890 793 circa
915 745 1175 792 Genusuum
1201 748 1376 792 amnem
1409 743 1549 791 castra

260 819 483 874 habebat;
505 819 662 866 audito
693 818 863 865 foedere
895 817 1010 863 inter
1036 816 1190 863 Persea
1221 818 1270 864 &
1303 815 1550 873 Genn'um,

262 893 314 940 &
341 893 590 956 legatorum
618 892 898 940 violatorum
927 891 1088 950 injuria
1117 890 1353 946 accensus,
1379 889 1552 937 bellum

261 967 385 1014 haud
408 969 544 1014 dubie
563 968 777 1015 adversus
794 984 896 1014 eum
916 965 1130 1029 gesturus.
1147 964 1336 1013 Anicius
1356 977 1552 1026 praetor,

261 1059 321 1089 eo
342 1055 546 1104 tempore
567 1042 829 1105 Apolloniae
851 1040 1009 1087 auditis
1025 1075 1038 1098 ‚
1058 1057 1157 1093 quac
1189 1038 1233 1085 {n
1261 1036 1451 1101 Illyrico
1472 1053 1553 1101 ge-

262 1131 497 1168 rerentur,
517 1115 836 1179 praemiffisque
857 1114 912 1161 ad
942 1112 1136 1175 Appium
1165 1109 1332 1167 literis,
1352 1120 1402 1156 ut
1423 1108 1466 1155 se
1497 1108 1554 1156 ad

266 1190 531 1238 Genusuum
561 1189 869 1252 opperiretur,
894 1185 1048 1232 triduo
1067 1186 1117 1231 δε
1138 1183 1227 1246 ipse
1247 1181 1293 1229 in
1315 1181 1452 1229 castra
1473 1198 1556 1228 ve-

266 1263 365 1308 nit:
387 1264 436 1309 &
464 1262 519 1308 ad
544 1278 623 1315 ea,
658 1278 759 1324 quae
790 1259 1010 1315 habebat,
1031 1256 1195 1304 auxilia
1220 1253 1417 1301 affumtis
1448 1254 1557 1299 Par·-

267 1338 503 1384 xhinorum
538 1337 788 1397 juventutis
823 1334 999 1381 duobus
1031 1332 1232 1379 millibus
1270 1330 1472 1393 peditum
1507 1331 1564 1377 δί’

269 1410 500 1471 equitibus
520 1409 722 1456 ducentis
739 1443 752 1463 ‚
776 1407 797 1469 (
812 1407 1039 1470 peditibus
1061 1404 1282 1467 Epicadus
1297 1440 1312 1459 ‚
1331 1401 1560 1465 equitibus

273 1484 475 1548 Algalsus
516 1486 738 1546 praeerat)
779 1481 961 1545 parabat
998 1480 1163 1526 ducere
1204 1478 1252 1523 in
1289 1475 1559 1539 Illyricum,

272 1557 470 1603 maxime
489 1569 538 1602 ut
561 1557 799 1604 Bassanitas
817 1556 1014 1602 solverez
1039 1553 1287 1600 obsidione.
1313 1550 1458 1598 tenuit
1477 1549 1559 1595 im·-

272 1641 427 1691 pctum
452 1629 546 1691 ejus
566 1629 682 1676 fama
714 1629 966 1675 lemborum
997 1624 1267 1672 vastantium
1291 1621 1562 1669 maritimam
1633 1642 1636 1651 ⁴

273 1719 416 1751 oram.
453 1703 699 1766 Ofioginta
735 1696 858 1749 erant
891 1699 1055 1754 lembi,
1087 1699 1268 1744 austore
1301 1692 1562 1742 Pantaucho

275 1775 386 1821 miffi
406 1793 429 1822 a
446 1776 618 1822 Gentio
637 1776 691 1821 ad
707 1772 1109 1839 Dyrrachinorum
1129 1773 1179 1819 &
1198 1765 1562 1834 Apolloniatium

276 1865 411 1912 agros
440 1849 744 1912 populandos.
780 1847 901 1894 Tum
925 1845 1064 1892 classis
1085 1844 1140 1891 ad

911 1953 936 1977 ¹}

781 1991 807 2014 -Ι
1034 1989 1061 2013 ¹}

280 2074 333 2110 to
364 2078 419 2108 eo
441 2061 718 2107 tradiderunt
747 2059 805 2106 se.

349 2137 525 2181 XXXI.
569 2134 798 2193 Deinceps
839 2133 888 2178 &
918 2130 1050 2177 urbes
1086 2125 1287 2192 regionis
1319 2124 1413 2187 ejus
1447 2119 1567 2172 idem

282 2206 506 2254 faciebant
521 2244 534 2261 ‚
566 2206 812 2267 adjuvante
835 2203 1180 2250 inclinationem
1198 2199 1456 2245 animorum
1478 2197 1566 2244 cle-

279 2280 447 2327 mentia
484 2279 530 2324 in
562 2294 721 2324 omnes
757 2278 807 2323 &
832 2275 993 2335 justitia
1028 2271 1232 2335 praetoris
1261 2269 1472 2316 Romani.
1497 2266 1570 2314 Ad

282 2354 497 2398 Scodram
527 2349 630 2397 inde
651 2362 839 2395 ventum
863 2347 923 2393 est
938 2383 951 2402 ‚
974 2346 1019 2392 id
1046 2344 1172 2408 quod
1193 2341 1298 2389 belli
1320 2351 1452 2403 caput
1473 2338 1568 2385 fue-

283 2437 382 2478 rat;
408 2440 504 2469 non
534 2439 591 2468 eo
619 2419 791 2475 solum,
827 2419 951 2483 quod
979 2417 1173 2465 Gentius
1201 2431 1295 2461 eam
1326 2412 1405 2459 fibi
1435 2426 1570 2473 cepe-

288 2509 354 2542 rat
382 2495 504 2545 velut
536 2494 662 2558 regni
696 2492 834 2540 totius
867 2505 1046 2550 arcem,
1081 2487 1156 2537 sed
1181 2486 1313 2535 etiam
1337 2483 1465 2549 quod
1481 2484 1570 2531 La-⁴
