1673 3052
185 196 357 261 ³21N
403 189 1013 243 LOC.L113.XLV11
1061 186 1231 233 ων,
1325 183 1412 246 233

120 306 341 350 auxiliarios
375 304 519 355 equites
551 301 771 340 adduceret.
804 300 999 349 Excepere
1034 294 1216 336 Celtiberi
1250 292 1418 331 redeun-

119 380 225 411 tem:
250 365 471 417 insidiisque
494 376 629 404 eorum
655 361 893 413 conspectis,
919 360 1112 398 sociorum
1137 357 1328 406 equitatus
1347 354 1416 393 fu-

119 432 198 485 git13
222 430 361 472 Biefius
376 459 390 480 ,
410 426 598 477 multique
625 437 715 464 cum
740 437 787 463 eo
813 422 1008 470 Romani,
1025 420 1175 461 fortiter
1200 424 1415 471 pugnantes

121 492 355 533 occubuere.
400 490 499 530 Tam
529 487 670 527 crebris
698 485 890 526 bellorum
922 481 1195 523 offenfionibus
1224 478 1418 519 sollicitati

121 553 425 610 sqciorumTunt
448 551 596 592 animi:
630 552 665 590 &
698 547 821 589 Ocilis
852 546 942 586 urbs
972 544 1151 597 gentibus
1177 543 1255 582 illis
1288 541 1418 589 clara,

121 617 186 657 ubi
215 629 369 657 annona
397 617 434 655 δε
457 614 632 666 pecuniae
659 612 926 667 Rornanorum
952 608 1199 648 servabantur
1215 637 1225 653 ,
1255 606 1306 645 ad
1333 603 1417 644 Cel.

118 678 268 719 tiberos
295 677 452 718 defecit.
486 674 652 723 Consul,
680 675 797 714 etiam
821 672 956 712 ceteris
979 671 1087 711 idem
1114 669 1235 709 animi
1260 666 1334 707 esse
1360 665 1423 704 su·

123 741 312 794 spicatus,
335 740 404 781 sub
428 739 593 792 pellibus
621 738 819 778 hiemavit.
848 736 902 775 ibi
925 733 1038 774 multi
1063 733 1234 773 militum
1259 730 1422 782 penuria

119 805 189 845 aut
211 806 380 857 frigore,
394 802 573 844 saeviebat
597 802 699 842 enim
720 801 820 840 acris
840 798 988 846 hiems,
1010 796 1185 837 exstincti
1204 792 1304 834 sunt.
1331 793 1422 833 Hoc

118 867 276 908 initium
304 867 378 908 fuit
403 865 633 907 Numantini
666 862 782 911 belli,
811 860 916 912 quod
948 872 1087 910 magna
1114 871 1203 896 cum
1230 856 1341 895 clade
1374 864 1422 893 ac

114 930 336 982 ‘ignominia
349 927 485 980 populi
506 927 674 968 Romani
688 957 698 974 7
714 924 938 965 viceiimum
952 923 1003 961 ad
1024 933 1168 961 annum
1184 919 1421 970 productum

122 992 176 1032 est
201 1006 210 1033 :
255 1000 360 1031 tanta
387 991 617 1042 pierumque
642 986 852 1032 violentia,
880 996 924 1024 ut
951 997 1031 1023 non
1057 991 1137 1021 tam
1162 980 1210 1019 de
1235 991 1281 1017 eo
1299 1008 1310 1026 ,
1334 987 1420 1016 uter

122 1051 294 1104 populus
318 1052 544 1103 imperaret,
573 1052 689 1100 q'uam
715 1056 800 1087 uter
826 1046 916 1087 esset
932 1078 944 1095 ‚
969 1044 1190 1094 susceptum
1216 1040 1422 1080 videretur.

119 1110 122 1113 ⁴
177 1114 265 1154 XL.
301 1115 351 1153 At
373 1113 414 1152 in
441 1111 623 1152 ulteriore
649 1109 834 1160 Hispania
859 1107 901 1148 L.
927 1105 1145 1147 Mummius
1171 1110 1308 1154 praetor
1329 1114 1420 1141 cum

125 1175 292 1230 Caesare,
311 1187 428 1226 quem
450 1175 491 1213 in
515 1172 627 1213 occisi
653 1171 762 1211 ducis
781 1169 917 1210 Punici
941 1168 1075 1207 loc-um
1096 1164 1327 1205 suffecerant
1351 1162 1421 1202 ho-

123 1238 194 1277 stes
209 1269 220 1286 ,
244 1236 393 1277 collatis
418 1236 533 1287 signis
561 1233 770 1274 dimicavit.
802 1231 934 1274 Pulsus
958 1242 1048 1269 curn
1072 1227 1184 1267 clade
1201 1225 1420 1276 Hispanus,

122 1299 192 1339 ubi
218 1299 405 1339 victorem
438 1297 649 1338 exercitum
670 1304 817 1335 temere
840 1292 986 1344 insequi
1011 1289 1194 1342 negleffls
1219 1287 1421 1328 ordinibus

124 1362 252 1408 videt,
270 1362 496 1401 cohortatur
509 1361 592 1400 suos
604 1391 614 1404 ,
632 1359 821 1398 convertit
835 1370 995 1408 agmen,
1008 1354 1215 1405 occisisque
1228 1354 1276 1393 de
1291 1353 1419 1394 Mum-

98 1467 103 1470 ·
127 1424 196 1464 mii
211 1425 386 1464 exercitu
409 1436 551 1463 novem
568 1417 763 1471 millibus,
786 1421 954 1472 praedam
972 1419 1165 1468 castraque
1189 1418 1268 1466 jam
1287 1414 1419 1454 amiisa

125 1500 206 1527 non
227 1488 348 1527 modo
368 1494 590 1538 recuperat,
614 1498 746 1525 verum
763 1484 878 1523 etiam
903 1482 1028 1522 castris
1051 1480 1234 1521 Romanis
1254 1479 1414 1530 potitur„

127 1550 366 1599 Mummius,
386 1551 449 1588 cui
472 1549 641 1600 quinque
666 1549 822 1587 circiter
846 1544 968 1585 millia
993 1543 1162 1583 militum
1184 1541 1418 1592 supererant,

125 1624 205 1651 non
240 1610 351 1651 ausus
387 1618 570 1663 praeterea
606 1609 758 1660 copiam
791 1606 991 1659 pugnandi
1024 1603 1292 1652 facereffltutis
1323 1602 1419 1641 locis

116 1674 242 1713 ‘castra
264 1687 436 1725 ponens,
457 1674 555 1712 intra
579 1671 724 1712 vanum
744 1669 910 1710 studiose
932 1668 1137 1710 exercebat
1156 1667 1241 1707 suos
1259 1697 1270 1716 ,
1295 1667 1422 1705 donec

126 1748 331 1788 parumper
356 1736 504 1775 animos
531 1735 750 1774 territorum
777 1733 1032 1773 confirmaret.
1073 1731 1176 1771 Tum
1201 1730 1242 1768 in
1269 1736 1420 1780 prseter-

128 1798 309 1838 vehentes
330 1799 466 1849 praedae
492 1806 647 1849 partem-
671 1796 853 1836 barbaros
883 1796 1086 1846 eruptione
1111 1794 1211 1834 facta
1228 1825 1239 1842 ‚
1265 1793 1422 1842 disjecit

128 1858 299 1909 hostem,
328 1862 576 1912 praedamque
602 1862 638 1900 ὃς
662 1858 789 1910 figna,
820 1871 902 1909 quae
925 1856 1126 1906 amiserat,
1151 1856 1333 1895 militaria
1361 1867 1427 1894 re*

75 1948 78 1950 -
131 1923 338 1975 cuperavit.
381 1922 521 1963 Iisdem
549 1921 683 1961 diebus
716 1919 886 1960 colentes
911 1920 963 1959 cis
986 1920 1139 1970 Tagum
1170 1931 1324 1958 amnem
1347 1917 1422 1957 Lu-

129 1986 335 2027 sitanorum
357 1987 531 2026 civitates
546 2017 558 2032 ,
585 1985 781 2024 Caucoeno
803 1984 924 2030 duce,
946 1983 1098 2022 Cuneos
1116 1981 1282 2021 invasere
1297 1980 1421 2019 socios

131 2046 268 2099 popuii
303 2047 494 2096 Romani,
531 2046 701 2097 urbeque
735 2044 864 2096 ampla
900 2057 946 2085 ac
972 2044 1120 2095 potenti
1153 2041 1423 2098 (Conisturgin

132 2109 325 2150 vocabant
345 2109 362 2163 )
386 2118 629 2161 expugnata,
653 2110 886 2158 trajecerunt
919 2120 1108 2147 oceanum
1134 2120 1142 2146 :
1178 2106 1269 2145 inde
1297 2104 1421 2144 diuisis

135 2173 279 2223 copiis,
294 2185 379 2223 pars
396 2171 592 2212 adversam
616 2172 878 2210 continentem
900 2165 1181 2221 populabatur3
1197 2168 1262 2207 alii
1285 2167 1423 2206 urbem

119 2235 273 2276 *Ocilen
309 2234 507 2274 obsidione
533 2235 742 2274 cinxerant.
791 2233 849 2274 Ibi
874 2246 963 2272 vero
992 2232 1031 2273 L.
1055 2231 1237 2272 Mummii
1264 2242 1330 2279 par
1360 2230 1424 2267 in-

135 2295 273 2335 dustria
293 2298 327 2336 &
354 2296 514 2335 felicitas
541 2296 626 2335 fuit.
663 2294 876 2334 Contractis
891 2293 964 2332 suis
985 2295 1020 2333 Sc
1044 2292 1233 2331 sociorum
1249 2290 1391 2329 viribus
1407 2319 1420 2337 ‚

135 2358 207 2414 (in
221 2358 439 2399 universum
462 2359 608 2408 equites
624 2358 842 2408 quingenti,
859 2369 949 2396 cum
969 2368 1110 2395 novem
1134 2354 1313 2405 peditum
1334 2351 1420 2390 mil-

130 2520 141 2554 ι
181 2476 208 2541 5
235 2477 394 2511 XXXIX.
434 2477 535 2510 Diod.
564 2489 617 2521 ap.
660 2453 757 2511 Fulu.
784 2476 950 2510 Urfinum.
977 2477 1121 2521 Appiam.
1145 2475 1285 2520 Hispan.
1312 2474 1420 2507 Smh.

145 2543 153 2554 .
193 2544 223 2565 3.
353 2543 356 2548 -
