1673 3052
247 183 337 227 242
407 168 499 215 JO.
534 167 1442 220 FRE1NSHEM115UPPLEM;

242 290 306 329 que
318 307 331 324 ,
343 277 381 328 fi
393 276 473 329 quis
491 274 661 327 infensius
684 285 806 326 urgeat
818 304 829 322 .,
842 273 939 326 fbrte
952 275 1070 314 minus
1083 275 1219 315 licitum
1224 278 1275 329 fit
1292 277 1400 331 queri.
1426 277 1538 331 Quod

204 382 207 385 v
243 339 335 377 enim
361 340 468 391 vestro
493 351 627 376 munere
645 337 899 391 poffideramus
913 367 925 387 ‚
945 339 1056 377 videri
1071 340 1180 393 potest
1198 354 1269 379 non
1294 341 1413 394 inique
1433 342 1539 380 nobis

243 403 416 439 ademtam
435 399 519 451 effi,
542 398 789 452 offensionibus
812 399 962 448 obortis,
985 401 1020 440 δ’
1043 401 1174 440 civium
1204 403 1389 456 nostrorum
1416 417 1542 442 vaecor-

244 466 308 502 dia
324 463 543 517 suspiciones
566 464 601 502 ὅ»
624 464 712 501 iram
735 463 881 516 vestram
902 476 1128 516 provocante.
1173 466 1248 504 Sed
1273 466 1429 505 Caunum
1454 478 1542 504 certe

243 529 402 566 ducentis
432 527 575 565 talentis
601 542 624 564 a
645 526 857 575 Ptolemaeo,
875 525 942 578 fid
955 526 1206 565 Stratoniceam
1227 527 1274 565 ab
1298 527 1481 566 Antiocho
1504 527 1541 567 6³

242 590 432 628 Ptolernaeo
449 589 485 626 in
504 590 622 643 magni
645 589 804 639 beneficii
826 589 902 628 loco
923 589 1142 643 accepimus:
1167 590 1256 627 unde
1277 589 1379 627 nobis
1395 603 1539 628 annuus

234 662 428 704 proventus
455 663 590 689 centum
614 650 747 703 viginti
779 649 988 688 talentorum
1016 665 1087 688 uno
1112 651 1243 689 decreto
1277 651 1384 702 vestro
1407 651 1536 705 periit:

241 714 298 751 cui
320 713 455 764 quidem
481 713 614 751 obedire
636 726 835 764 quanquam
859 712 1012 750 maximo
1034 726 1111 750 cum
1133 711 1327 765 reipublicae
1346 713 1462 766 nostrae
1481 715 1540 752 de-

243 775 402 813 trimento
429 775 615 828 conjunHa
648 788 702 812 res
736 785 830 821 erat,
855 787 927 811 non
953 774 1162 826 distulimus.
1198 774 1338 826 Quibus
1368 789 1413 813 ex
1438 775 1540 814 rebus

240 834 388 887 effiHum
424 837 490 888 est,
518 847 556 873 ut
586 833 737 887 majores
766 848 888 887 poenas
916 834 1051 873 Rhodii
1086 835 1279 873 dederimus
1305 837 1415 890 semel
1440 838 1541 876 dubii

240 898 367 944 amici,
396 911 499 949 quarn
518 896 652 950 semper
675 897 757 935 certi
789 896 900 949 hostes
922 897 1154 935 Macedones.
1182 909 1221 936 ut
1236 897 1317 952 jam
1349 899 1446 938 alias
1473 912 1540 938 ta-

237 973 375 996 ceamus
402 970 547 1011 gentes,
586 972 627 995 ne
670 957 728 995 cui
761 957 1034 996 incolumitatem
1060 959 1166 1012 fitam
1199 958 1356 998 invidere
1382 961 1532 1015 potius,

241 1034 348 1073 quam
370 1019 544 1070 velificari
570 1020 688 1073 nostrae
713 1020 906 1059 videamur.

296 1083 368 1124 XI.
399 1084 452 1122 Et
472 1095 588 1121 tamen
607 1084 818 1136 praecipuum
840 1083 1000 1121 civitatis
1016 1083 1134 1137 nostrae
1157 1083 1287 1122 vulnus
1308 1086 1463 1122 nondum
1482 1094 1539 1123 at-

244 1146 336 1199 tigi,
361 1148 456 1198 quod
472 1147 661 1184 exemtione
686 1145 798 1193 Deli,
823 1146 1001 1198 demtaque
1022 1147 1156 1200 populo
1176 1148 1217 1185 de
1238 1157 1345 1200 portu
1361 1148 1397 1185 6·
1417 1148 1538 1199 publi.

243 1209 298 1247 cis
316 1209 497 1262 statuendi
518 1209 712 1261 potestate,
738 1208 952 1260 portorium,
980 1210 1045 1247 hoc
1065 1210 1131 1260 est,
1156 1209 1308 1248 Rhodiae
1331 1208 1380 1246 rei
1393 1207 1539 1260 flendus

240 1272 276 1310 Cr·
301 1269 456 1309 columen
466 1272 519 1322 fic
541 1271 694 1316 interiit,
715 1281 754 1307 ut
774 1270 869 1321 quod
888 1267 998 1320 paulo
1021 1279 1103 1305 ante
1124 1269 1337 1322 quadragies
1357 1271 1459 1309 H-S.
1484 1270 1538 1309 lo-

240 1334 314 1373 cari
339 1334 564 1386 confueverat
579 1363 590 1381 ‚
618 1331 717 1369 hodie
741 1331 810 1368 vix
840 1330 878 1368 in
899 1329 1070 1381 sexcenta
1098 1330 1213 1369 millia
1240 1332 1415 1371 nummum
1442 1332 1539 1370 inve-

239 1400 316 1437 niat
332 1400 554 1437 redemtorem.
572 1397 659 1434 adeo
675 1424 687 1442 ‚
706 1394 836 1432 Patres
857 1393 1044 1447 conscripti
1057 1423 1069 1442 ‚
1077 1391 1246 1446 jugulum
1261 1394 1387 1446 premit
1403 1392 1458 1430 ira
1478 1406 1538 1430 ve-

232 1459 328 1511 stra,
345 1457 380 1495 ὁ)
397 1458 493 1511 ipfhs
517 1458 616 1509 quasi
636 1469 760 1494 nervos
782 1453 909 1492 incidit
926 1453 1098 1492 civitatis.
1120 1455 1230 1505 Quod
1237 1455 1276 1505 fi
1299 1454 1439 1492 meritos
1463 1454 1536 1493 lzaec

238 1533 370 1574 urgeret
391 1521 578 1559 calamitas
592 1550 602 1567 ,
626 1533 697 1557 non
712 1518 810 1571 fhret
837 1518 1026 1571 absonum,
1044 1517 1188 1570 publico
1215 1515 1338 1555 deliaa
1363 1516 1510 1568 consilio
1524 1546 1538 1564 ‚

237 1585 393 1637 publicis
421 1598 553 1636 quoque
576 1583 724 1636 misteriis
748 1582 912 1635 expiari:
942 1595 1031 1619 nunc
1057 1592 1194 1628 autem,
1219 1581 1359 1633 quando
1389 1581 1425 1619 δ’
1441 1594 1539 1632 pau.

241 1662 357 1685 corum
379 1647 436 1699 iste
450 1645 555 1698 furor
568 1644 666 1698 ficit,
683 1645 719 1684 ὃ)
733 1658 863 1682 reorum
878 1644 1027 1682 omnium
1035 1643 1228 1697 suppliciis
1242 1657 1266 1680 a
1284 1642 1418 1696 populo
1433 1644 1536 1682 Rho-

241 1712 301 1749 dio
322 1710 490 1763 expiatus
502 1726 517 1758 ,·
542 1709 770 1762 relinquitur,
783 1720 821 1746 ut
841 1708 981 1746 remotis
996 1723 1019 1745 a
1032 1707 1139 1761 sensit
1159 1707 1327 1746 malorum
1340 1707 1536 1760 sontibus,

242 1772 446 1826 indignatio
460 1772 568 1825 vestra
583 1771 820 1809 tantummodo
835 1769 1003 1821 adversus
1018 1769 1218 1807 innocentes
1233 1768 1407 1820 desaeviat.
1425 1768 1538 1820 Quod

239 1835 323 1886 quia
344 1849 449 1887 neque
467 1848 530 1887 pro
552 1846 660 1872 cetera
679 1832 943 1885 manficetudine
962 1831 1072 1884 vestra
1086 1861 1097 1880 ,
1118 1845 1226 1884 neque
1242 1845 1307 1884 pro
1325 1829 1444 1883 gloria
1461 1831 1531 1884 sce-

233 1897 318 1949 pius
338 1897 558 1948 ignoscendo,
573 1909 675 1947 quam
691 1893 907 1931 vindicando
920 1894 1074 1944 quaefita,
1083 1891 1204 1944 facere
1219 1892 1387 1930 videmini
1396 1907 1413 1940 ;
1437 1904 1533 1930 certa

238 1959 382 2011 rnespes
405 1970 516 2006 tenet,
525 1957 603 2009 fhre
615 1987 627 2006 ‚
644 1968 683 1994 ut
700 1955 896 2008 aliquando
919 1955 1172 2007 mifiricordiae,
1193 1969 1297 2007 quam
1317 1953 1390 2002 irae,
1409 1954 1525 1992 memi-

240 2022 324 2074 mffe
347 2022 495 2060 malitis.

297 2082 387 2122 XII.
407 2083 463 2120 Oh
478 2083 667 2119 amentiam
684 2094 888 2134 paucorum,
904 2080 1121 2118 iracundiam
1142 2093 1212 2117 non
1231 2078 1394 2133 injustam
1413 2092 1533 2118 contra

241 2145 403 2183 Rhodios
418 2143 632 2196 concepistis.
658 2154 790 2194 quanto
812 2142 945 2193 aequius
958 2140 1071 2193 fiterit
1086 2141 1191 2179 venia
1210 2141 1371 2194 prosequi
1389 2140 1535 2195 sceleris

241 2207 433 2254 innoxios,
459 2207 500 2243 ob
531 2219 670 2243 errorem
691 2204 895 2257 fitpplices‚
919 2205 954 2242 δ’
971 2204 1179 2256 poenitentia
1204 2219 1247 2242 ac
1274 2204 1448 2257 obsequiis
1472 2203 1538 2241 ad-

240 2268 339 2321 miffz
360 2269 593 2306 corretiuros?
623 2268 812 2318 Amisimus
832 2267 1041 2319 dignitatem
1055 2297 1066 2314 ‚
1085 2265 1279 2319 potentiam
1294 2296 1305 2314 ‚
1327 2265 1536 2319 vei‘ligalia,

240 2333 344 2368 etiarn
371 2330 551 2378 libertate,
578 2343 642 2383 pro
669 2344 738 2382 qua
761 2328 836 2381 jam
870 2329 951 2366 inde
981 2329 1025 2366 ab
1055 2327 1300 2381 antiquiffi'mis
1329 2328 1537 2380 temporibus

244 2392 333 2431 nihil
357 2407 427 2430 non
443 2392 675 2445 sustinuimus
690 2422 701 2440 ,
722 2393 820 2430 haud
836 2405 964 2444 parum
980 2391 1174 2430 imminuta.
1200 2389 1235 2429 δ’
1258 2402 1373 2429 tamen
1383 2387 1538 2442 firimus

286 2508 308 2552 5
333 2509 379 2545 X.
403 2509 547 2544 Diod-ar.
568 2521 623 2554 ap.
647 2508 760 2546 Vates.
784 2509 806 2554 §
832 2505 892 2547 XL
912 2507 1036 2553 Polyb.
