<?xml version="1.0" encoding="UTF-8"?>
<!DOCTYPE html PUBLIC "-//W3C//DTD XHTML 1.0 Transitional//EN"
    "http://www.w3.org/TR/xhtml1/DTD/xhtml1-transitional.dtd">
<html xmlns="http://www.w3.org/1999/xhtml" xml:lang="en" lang="en">
 <head>
  <title>
</title>
<meta http-equiv="Content-Type" content="text/html;charset=utf-8" />
  <meta name='ocr-system' content='tesseract 3.04.00' />
  <meta name='ocr-capabilities' content='ocr_page ocr_carea ocr_par ocr_line ocrx_word'/>
</head>
<body>
  <div class='ocr_page' id='page_1' title='image "./historiarumlibri07livyuoft_0279.png"; bbox 0 0 1673 3052; ppageno 0'>
   <div class='ocr_carea' id='block_1_1' title="bbox 239 176 1406 242">
    <p class='ocr_par' dir='ltr' id='par_1_1' title="bbox 239 176 1406 242">
     <span class='ocr_line' id='line_1_1' title="bbox 239 176 1406 242; baseline 0.003 -18"><span class='ocrx_word' id='word_1_1' title='bbox 239 176 573 224; x_wconf 73' lang='lat' dir='ltr'><strong>··1N·LOC.</strong></span> <span class='ocrx_word' id='word_1_2' title='bbox 610 177 1186 227; x_wconf 78' lang='lat' dir='ltr'><strong>L1B.XLV11LrV.</strong></span> <span class='ocrx_word' id='word_1_3' title='bbox 1321 194 1406 242; x_wconf 85' lang='lat'><strong>271</strong></span> 
     </span>
    </p>
   </div>
   <div class='ocr_carea' id='block_1_2' title="bbox 104 281 1472 2452">
    <p class='ocr_par' dir='ltr' id='par_1_2' title="bbox 114 281 1415 524">
     <span class='ocr_line' id='line_1_2' title="bbox 117 281 1415 338; baseline 0.002 -14"><span class='ocrx_word' id='word_1_4' title='bbox 117 281 318 334; x_wconf 66' lang='lat' dir='ltr'><strong>labantur,</strong></span> <span class='ocrx_word' id='word_1_5' title='bbox 335 283 448 325; x_wconf 88' lang='lat' dir='ltr'><strong>rebus</strong></span> <span class='ocrx_word' id='word_1_6' title='bbox 470 285 527 324; x_wconf 90' lang='lat' dir='ltr'><strong>uti</strong></span> <span class='ocrx_word' id='word_1_7' title='bbox 550 294 659 325; x_wconf 84' lang='lat' dir='ltr'><strong>erant</strong></span> <span class='ocrx_word' id='word_1_8' title='bbox 679 286 842 336; x_wconf 65' lang='lat' dir='ltr'><strong>relidiis,</strong></span> <span class='ocrx_word' id='word_1_9' title='bbox 867 287 1073 327; x_wconf 86' lang='lat' dir='ltr'><strong>redierunt.</strong></span> <span class='ocrx_word' id='word_1_10' title='bbox 1098 288 1235 338; x_wconf 86' lang='lat' dir='ltr'>Neque</span> <span class='ocrx_word' id='word_1_11' title='bbox 1257 287 1297 326; x_wconf 90' lang='lat' dir='ltr'><strong>in</strong></span> <span class='ocrx_word' id='word_1_12' title='bbox 1319 301 1415 338; x_wconf 80' lang='lat' dir='ltr'><strong>prae·</strong></span> 
     </span>
     <span class='ocr_line' id='line_1_3' title="bbox 114 347 1413 401; baseline 0.002 -14"><span class='ocrx_word' id='word_1_13' title='bbox 114 347 200 387; x_wconf 86' lang='lat' dir='ltr'><strong>sens</strong></span> <span class='ocrx_word' id='word_1_14' title='bbox 221 349 339 388; x_wconf 89' lang='lat' dir='ltr'><strong>modo</strong></span> <span class='ocrx_word' id='word_1_15' title='bbox 364 348 493 398; x_wconf 85' lang='lat' dir='ltr'><strong>iniqua</strong></span> <span class='ocrx_word' id='word_1_16' title='bbox 520 347 602 387; x_wconf 89' lang='lat' dir='ltr'><strong>haec</strong></span> <span class='ocrx_word' id='word_1_17' title='bbox 627 347 768 400; x_wconf 80' lang='lat' dir='ltr'><strong>legatio</strong></span> <span class='ocrx_word' id='word_1_18' title='bbox 791 351 941 399; x_wconf 79' lang='lat' dir='ltr'><strong>Poenis,</strong></span> <span class='ocrx_word' id='word_1_19' title='bbox 965 350 1031 390; x_wconf 83' lang='lat' dir='ltr'><strong>sed</strong></span> <span class='ocrx_word' id='word_1_20' title='bbox 1053 351 1169 390; x_wconf 81' lang='lat' dir='ltr'><strong>etiam</strong></span> <span class='ocrx_word' id='word_1_21' title='bbox 1190 351 1306 401; x_wconf 85' lang='lat' dir='ltr'><strong>paulo</strong></span> <span class='ocrx_word' id='word_1_22' title='bbox 1327 353 1413 401; x_wconf 81' lang='lat' dir='ltr'><strong>post</strong></span> 
     </span>
     <span class='ocr_line' id='line_1_4' title="bbox 114 410 1413 467; baseline 0.004 -17"><span class='ocrx_word' id='word_1_23' title='bbox 114 410 275 450; x_wconf 83' lang='lat' dir='ltr'><strong>exitiosa</strong></span> <span class='ocrx_word' id='word_1_24' title='bbox 297 411 400 453; x_wconf 81' lang='lat' dir='ltr'><strong>fuit:</strong></span> <span class='ocrx_word' id='word_1_25' title='bbox 432 411 523 451; x_wconf 88' lang='lat' dir='ltr'><strong>hinc</strong></span> <span class='ocrx_word' id='word_1_26' title='bbox 549 420 634 452; x_wconf 86' lang='lat' dir='ltr'><strong>orto</strong></span> <span class='ocrx_word' id='word_1_27' title='bbox 670 414 828 453; x_wconf 82' lang='lat' dir='ltr'><strong>Catonis</strong></span> <span class='ocrx_word' id='word_1_28' title='bbox 857 423 988 463; x_wconf 84' lang='lat' dir='ltr'><strong>metu,</strong></span> <span class='ocrx_word' id='word_1_29' title='bbox 1015 415 1065 454; x_wconf 94' lang='lat' dir='ltr'><strong>ob</strong></span> <span class='ocrx_word' id='word_1_30' title='bbox 1091 428 1208 466; x_wconf 87' lang='lat' dir='ltr'><strong>quem</strong></span> <span class='ocrx_word' id='word_1_31' title='bbox 1231 416 1413 467; x_wconf 78' lang='lat' dir='ltr'><strong>deinceps</strong></span> 
     </span>
     <span class='ocr_line' id='line_1_5' title="bbox 114 472 1410 524; baseline 0.004 -13"><span class='ocrx_word' id='word_1_32' title='bbox 114 472 302 512; x_wconf 83' lang='lat' dir='ltr'><strong>continuo</strong></span> <span class='ocrx_word' id='word_1_33' title='bbox 320 473 374 512; x_wconf 65' lang='lat' dir='ltr'><strong>=ad</strong></span> <span class='ocrx_word' id='word_1_34' title='bbox 389 472 638 524; x_wconf 81' lang='lat' dir='ltr'><strong>&#39;Carthaginis</strong></span> <span class='ocrx_word' id='word_1_35' title='bbox 663 474 837 515; x_wconf 84' lang='lat' dir='ltr'><strong>delendae</strong></span> <span class='ocrx_word' id='word_1_36' title='bbox 857 475 1011 515; x_wconf 77' lang='lat' dir='ltr'><strong>confilia</strong></span> <span class='ocrx_word' id='word_1_37' title='bbox 1033 476 1159 515; x_wconf 89' lang='lat' dir='ltr'><strong>Patres</strong></span> <span class='ocrx_word' id='word_1_38' title='bbox 1178 476 1410 516; x_wconf 78' lang='lat' dir='ltr'><strong>stimulabat.</strong></span> 
     </span>
    </p>

    <p class='ocr_par' dir='ltr' id='par_1_3' title="bbox 104 534 1472 1576">
     <span class='ocr_line' id='line_1_6' title="bbox 169 534 1410 586; baseline 0.005 -12"><span class='ocrx_word' id='word_1_39' title='bbox 169 534 284 575; x_wconf 92' lang='lat' dir='ltr'>XXI.</span> <span class='ocrx_word' id='word_1_40' title='bbox 316 535 392 575; x_wconf 90' lang='lat' dir='ltr'><strong>Sed</strong></span> <span class='ocrx_word' id='word_1_41' title='bbox 416 536 520 586; x_wconf 91' lang='lat' dir='ltr'><strong>prior</strong></span> <span class='ocrx_word' id='word_1_42' title='bbox 542 535 710 574; x_wconf 87' lang='lat' dir='ltr'><strong>bellandi</strong></span> <span class='ocrx_word' id='word_1_43' title='bbox 735 549 824 575; x_wconf 85' lang='lat' dir='ltr'><strong>curn</strong></span> <span class='ocrx_word' id='word_1_44' title='bbox 842 535 1030 577; x_wconf 87' lang='lat' dir='ltr'><strong>Dalmatis</strong></span> <span class='ocrx_word' id='word_1_45' title='bbox 1056 537 1202 577; x_wconf 84' lang='lat' dir='ltr'><strong>occafio</strong></span> <span class='ocrx_word' id='word_1_46' title='bbox 1219 540 1336 578; x_wconf 88' lang='lat' dir='ltr'><strong>venit.</strong></span> <span class='ocrx_word' id='word_1_47' title='bbox 1366 539 1410 580; x_wconf 91' lang='lat' dir='ltr'><strong>C.</strong></span> 
     </span>
     <span class='ocr_line' id='line_1_7' title="bbox 110 595 1415 654; baseline 0.006 -22"><span class='ocrx_word' id='word_1_48' title='bbox 110 595 297 644; x_wconf 18' lang='lat' dir='ltr'><strong>*FanniuQ</strong></span> <span class='ocrx_word' id='word_1_49' title='bbox 312 609 362 635; x_wconf 79' lang='lat' dir='ltr'><strong>ex</strong></span> <span class='ocrx_word' id='word_1_50' title='bbox 381 596 447 635; x_wconf 88' lang='lat' dir='ltr'><strong>ista</strong></span> <span class='ocrx_word' id='word_1_51' title='bbox 467 596 659 648; x_wconf 85' lang='lat' dir='ltr'>legatione</span> <span class='ocrx_word' id='word_1_52' title='bbox 680 597 867 646; x_wconf 83' lang='lat' dir='ltr'><strong>reversus,</strong></span> <span class='ocrx_word' id='word_1_53' title='bbox 880 599 1186 648; x_wconf 72' lang='lat' dir='ltr'><strong>renuntiaverat,</strong></span> <span class='ocrx_word' id='word_1_54' title='bbox 1208 616 1250 638; x_wconf 88' lang='lat' dir='ltr'><strong>ne</strong></span> <span class='ocrx_word' id='word_1_55' title='bbox 1263 601 1415 654; x_wconf 77' lang='lat' dir='ltr'><strong>proferri</strong></span> 
     </span>
     <span class='ocr_line' id='line_1_8' title="bbox 112 659 1414 712; baseline 0.004 -16"><span class='ocrx_word' id='word_1_56' title='bbox 112 659 251 711; x_wconf 82' lang='lat' dir='ltr'><strong>quidem</strong></span> <span class='ocrx_word' id='word_1_57' title='bbox 272 661 370 712; x_wconf 85' lang='lat' dir='ltr'><strong>apud</strong></span> <span class='ocrx_word' id='word_1_58' title='bbox 397 659 595 698; x_wconf 83' lang='lat' dir='ltr'><em>Dalmatas</em></span> <span class='ocrx_word' id='word_1_59' title='bbox 627 661 799 698; x_wconf 85' lang='lat' dir='ltr'><strong>mandata</strong></span> <span class='ocrx_word' id='word_1_60' title='bbox 823 660 998 712; x_wconf 61' lang='lat' dir='ltr'><strong>potuiffit,</strong></span> <span class='ocrx_word' id='word_1_61' title='bbox 1012 662 1082 712; x_wconf 84' lang='lat' dir='ltr'><strong>fibi</strong></span> <span class='ocrx_word' id='word_1_62' title='bbox 1110 662 1206 699; x_wconf 77' lang='lat' dir='ltr'><strong>nihil</strong></span> <span class='ocrx_word' id='word_1_63' title='bbox 1228 675 1303 699; x_wconf 84' lang='lat' dir='ltr'><strong>cum</strong></span> <span class='ocrx_word' id='word_1_64' title='bbox 1329 665 1414 701; x_wconf 79' lang='lat' dir='ltr'><strong>Ro-</strong></span> 
     </span>
     <span class='ocr_line' id='line_1_9' title="bbox 111 721 1412 777; baseline 0.002 -18"><span class='ocrx_word' id='word_1_65' title='bbox 111 722 233 759; x_wconf 84' lang='lat' dir='ltr'><strong>manis</strong></span> <span class='ocrx_word' id='word_1_66' title='bbox 255 722 317 774; x_wconf 73' lang='lat' dir='ltr'><em>ff</em></span> <span class='ocrx_word' id='word_1_67' title='bbox 335 723 464 774; x_wconf 79' lang='lat' dir='ltr'><strong>negotii</strong></span> <span class='ocrx_word' id='word_1_68' title='bbox 480 721 647 775; x_wconf 64' lang='lat' dir='ltr'><strong>ferentes.</strong></span> <span class='ocrx_word' id='word_1_69' title='bbox 674 723 741 774; x_wconf 87' lang='lat' dir='ltr'><strong>sed</strong></span> <span class='ocrx_word' id='word_1_70' title='bbox 759 737 866 775; x_wconf 81' lang='lat' dir='ltr'><strong>neque</strong></span> <span class='ocrx_word' id='word_1_71' title='bbox 891 724 1080 776; x_wconf 83' lang='lat' dir='ltr'><em>quidquam</em></span> <span class='ocrx_word' id='word_1_72' title='bbox 1106 724 1143 762; x_wconf 81' lang='lat' dir='ltr'><strong>in</strong></span> <span class='ocrx_word' id='word_1_73' title='bbox 1161 724 1203 776; x_wconf 75' lang='grc' dir='ltr'><strong>[ὲ</strong></span> <span class='ocrx_word' id='word_1_74' title='bbox 1225 725 1412 777; x_wconf 78' lang='lat' dir='ltr'><strong>hospitali-</strong></span> 
     </span>
     <span class='ocr_line' id='line_1_10' title="bbox 113 785 1472 839; baseline 0.002 -16"><span class='ocrx_word' id='word_1_75' title='bbox 113 797 190 834; x_wconf 76' lang='lat' dir='ltr'><strong>ter,</strong></span> <span class='ocrx_word' id='word_1_76' title='bbox 203 797 266 823; x_wconf 80' lang='lat' dir='ltr'><strong>aut</strong></span> <span class='ocrx_word' id='word_1_77' title='bbox 285 785 391 823; x_wconf 86' lang='lat' dir='ltr'><strong>etiam</strong></span> <span class='ocrx_word' id='word_1_78' title='bbox 411 787 627 834; x_wconf 82' lang='lat' dir='ltr'><strong>humaniter,</strong></span> <span class='ocrx_word' id='word_1_79' title='bbox 646 786 835 825; x_wconf 83' lang='lat' dir='ltr'><strong>Dalmatis</strong></span> <span class='ocrx_word' id='word_1_80' title='bbox 841 785 989 839; x_wconf 54' lang='lat' dir='ltr'><strong>saelum.</strong></span> <span class='ocrx_word' id='word_1_81' title='bbox 1020 801 1127 839; x_wconf 85' lang='lat' dir='ltr'><strong>neque</strong></span> <span class='ocrx_word' id='word_1_82' title='bbox 1148 787 1258 824; x_wconf 80' lang='lat' dir='ltr'><strong>locum</strong></span> <span class='ocrx_word' id='word_1_83' title='bbox 1280 789 1315 826; x_wconf 74' lang='lat'><strong>6³</strong></span> <span class='ocrx_word' id='word_1_84' title='bbox 1333 788 1410 826; x_wconf 78' lang='lat' dir='ltr'><strong>lau-</strong></span> <span class='ocrx_word' id='word_1_85' title='bbox 1470 814 1472 816; x_wconf 31' lang='grc' dir='ltr'><em>ν</em></span> 
     </span>
     <span class='ocr_line' id='line_1_11' title="bbox 115 843 1409 902; baseline 0 -16"><span class='ocrx_word' id='word_1_86' title='bbox 115 847 171 886; x_wconf 82' lang='lat' dir='ltr'><strong>tia</strong></span> <span class='ocrx_word' id='word_1_87' title='bbox 197 849 311 895; x_wconf 80' lang='lat' dir='ltr'><strong>data,</strong></span> <span class='ocrx_word' id='word_1_88' title='bbox 334 847 420 900; x_wconf 82' lang='lat' dir='ltr'><strong>quin</strong></span> <span class='ocrx_word' id='word_1_89' title='bbox 450 858 554 900; x_wconf 79' lang='lat' dir='ltr'><strong>equos</strong></span> <span class='ocrx_word' id='word_1_90' title='bbox 578 843 730 887; x_wconf 72' lang='lat' dir='ltr'><strong>‘aliunde</strong></span> <span class='ocrx_word' id='word_1_91' title='bbox 755 850 799 886; x_wconf 82' lang='lat' dir='ltr'><strong>ab</strong></span> <span class='ocrx_word' id='word_1_92' title='bbox 826 850 867 902; x_wconf 87' lang='lat' dir='ltr'><strong>se</strong></span> <span class='ocrx_word' id='word_1_93' title='bbox 894 850 1063 887; x_wconf 68' lang='lat' dir='ltr'><strong>addur‘los</strong></span> <span class='ocrx_word' id='word_1_94' title='bbox 1091 851 1213 902; x_wconf 82' lang='lat' dir='ltr'><strong>praedae</strong></span> <span class='ocrx_word' id='word_1_95' title='bbox 1246 850 1409 888; x_wconf 83' lang='lat' dir='ltr'><strong>barbaris</strong></span> 
     </span>
     <span class='ocr_line' id='line_1_12' title="bbox 104 909 1413 964; baseline 0.001 -16"><span class='ocrx_word' id='word_1_96' title='bbox 104 909 236 964; x_wconf 70' lang='lat' dir='ltr'><strong>ficzſje,</strong></span> <span class='ocrx_word' id='word_1_97' title='bbox 254 911 339 948; x_wconf 81' lang='lat' dir='ltr'><strong>adeo</strong></span> <span class='ocrx_word' id='word_1_98' title='bbox 362 911 556 963; x_wconf 81' lang='lat' dir='ltr'><strong>procaciter</strong></span> <span class='ocrx_word' id='word_1_99' title='bbox 579 910 746 959; x_wconf 56' lang='lat' dir='ltr'><strong>investis,</strong></span> <span class='ocrx_word' id='word_1_100' title='bbox 772 923 810 949; x_wconf 81' lang='lat' dir='ltr'><strong>ut</strong></span> <span class='ocrx_word' id='word_1_101' title='bbox 837 911 938 949; x_wconf 83' lang='lat' dir='ltr'><strong>haud</strong></span> <span class='ocrx_word' id='word_1_102' title='bbox 956 911 1083 963; x_wconf 76' lang='lat' dir='ltr'><strong>procul</strong></span> <span class='ocrx_word' id='word_1_103' title='bbox 1101 912 1213 949; x_wconf 81' lang='lat' dir='ltr'><strong>exitio</strong></span> <span class='ocrx_word' id='word_1_104' title='bbox 1234 911 1413 964; x_wconf 74' lang='lat' dir='ltr'><strong>abfz&#39;ten&#39;nt</strong></span> 
     </span>
     <span class='ocr_line' id='line_1_13' title="bbox 118 970 1415 1028; baseline 0.002 -19"><span class='ocrx_word' id='word_1_105' title='bbox 118 971 249 1024; x_wconf 77' lang='lat' dir='ltr'><strong>legati,</strong></span> <span class='ocrx_word' id='word_1_106' title='bbox 272 971 342 1023; x_wconf 80' lang='lat' dir='ltr'><strong>nist</strong></span> <span class='ocrx_word' id='word_1_107' title='bbox 361 970 590 1009; x_wconf 85' lang='lat' dir='ltr'><strong>contumelias</strong></span> <span class='ocrx_word' id='word_1_108' title='bbox 604 972 688 1024; x_wconf 85' lang='lat' dir='ltr'><strong>istas</strong></span> <span class='ocrx_word' id='word_1_109' title='bbox 703 971 917 1025; x_wconf 52' lang='lat' dir='ltr'><strong>injuriasque</strong></span> <span class='ocrx_word' id='word_1_110' title='bbox 928 974 1107 1027; x_wconf 60' lang='lat' dir='ltr'><strong>patientia</strong></span> <span class='ocrx_word' id='word_1_111' title='bbox 1129 974 1163 1011; x_wconf 73' lang='lat'><strong>6³</strong></span> <span class='ocrx_word' id='word_1_112' title='bbox 1174 974 1317 1026; x_wconf 77' lang='lat' dir='ltr'><strong>silentio</strong></span> <span class='ocrx_word' id='word_1_113' title='bbox 1337 990 1415 1028; x_wconf 80' lang='lat' dir='ltr'><strong>per-</strong></span> 
     </span>
     <span class='ocr_line' id='line_1_14' title="bbox 117 1031 1414 1087; baseline 0.003 -16"><span class='ocrx_word' id='word_1_114' title='bbox 117 1031 284 1083; x_wconf 81' lang='lat' dir='ltr'><strong>tuliffint.</strong></span> <span class='ocrx_word' id='word_1_115' title='bbox 321 1031 450 1071; x_wconf 84' lang='lat' dir='ltr'>Movit</span> <span class='ocrx_word' id='word_1_116' title='bbox 471 1031 678 1074; x_wconf 88' lang='lat' dir='ltr'><strong>hominum</strong></span> <span class='ocrx_word' id='word_1_117' title='bbox 711 1035 928 1083; x_wconf 80' lang='lat' dir='ltr'><strong>arrogantia</strong></span> <span class='ocrx_word' id='word_1_118' title='bbox 950 1035 1100 1081; x_wconf 84' lang='lat' dir='ltr'><strong>Patres,</strong></span> <span class='ocrx_word' id='word_1_119' title='bbox 1127 1048 1289 1085; x_wconf 88' lang='lat' dir='ltr'><strong>eamque</strong></span> <span class='ocrx_word' id='word_1_120' title='bbox 1315 1049 1414 1087; x_wconf 83' lang='lat' dir='ltr'><strong>gen-</strong></span> 
     </span>
     <span class='ocr_line' id='line_1_15' title="bbox 120 1091 1414 1147; baseline 0.003 -15"><span class='ocrx_word' id='word_1_121' title='bbox 120 1100 201 1133; x_wconf 89' lang='lat' dir='ltr'><strong>tem</strong></span> <span class='ocrx_word' id='word_1_122' title='bbox 219 1091 322 1132; x_wconf 88' lang='lat' dir='ltr'><strong>bello</strong></span> <span class='ocrx_word' id='word_1_123' title='bbox 345 1092 650 1143; x_wconf 85' lang='lat' dir='ltr'><strong>persequendam</strong></span> <span class='ocrx_word' id='word_1_124' title='bbox 676 1093 780 1132; x_wconf 84' lang='lat' dir='ltr'><strong>haud</strong></span> <span class='ocrx_word' id='word_1_125' title='bbox 807 1094 1059 1136; x_wconf 82' lang='lat' dir='ltr'><strong>dubitabant:</strong></span> <span class='ocrx_word' id='word_1_126' title='bbox 1089 1096 1153 1135; x_wconf 87' lang='lat' dir='ltr'><strong>sed</strong></span> <span class='ocrx_word' id='word_1_127' title='bbox 1177 1097 1263 1147; x_wconf 85' lang='lat' dir='ltr'><strong>plus</strong></span> <span class='ocrx_word' id='word_1_128' title='bbox 1285 1096 1414 1136; x_wconf 84' lang='lat' dir='ltr'><strong>adhuc</strong></span> 
     </span>
     <span class='ocr_line' id='line_1_16' title="bbox 109 1152 1413 1207; baseline 0.005 -15"><span class='ocrx_word' id='word_1_129' title='bbox 109 1152 357 1198; x_wconf 19' lang='lat' dir='ltr'><strong>*stimulorum</strong></span> <span class='ocrx_word' id='word_1_130' title='bbox 385 1154 642 1204; x_wconf 84' lang='lat' dir='ltr'><strong>subjiciebant</strong></span> <span class='ocrx_word' id='word_1_131' title='bbox 670 1155 752 1194; x_wconf 82' lang='lat' dir='ltr'><strong>aliae</strong></span> <span class='ocrx_word' id='word_1_132' title='bbox 778 1156 922 1205; x_wconf 83' lang='lat' dir='ltr'><strong>causae,</strong></span> <span class='ocrx_word' id='word_1_133' title='bbox 951 1158 1057 1207; x_wconf 89' lang='lat' dir='ltr'><strong>quod</strong></span> <span class='ocrx_word' id='word_1_134' title='bbox 1082 1157 1228 1197; x_wconf 88' lang='lat' dir='ltr'><strong>bellum</strong></span> <span class='ocrx_word' id='word_1_135' title='bbox 1256 1159 1322 1198; x_wconf 82' lang='lat' dir='ltr'><strong>fibi</strong></span> <span class='ocrx_word' id='word_1_136' title='bbox 1349 1173 1413 1198; x_wconf 89' lang='lat' dir='ltr'><strong>ne-</strong></span> 
     </span>
     <span class='ocr_line' id='line_1_17' title="bbox 118 1214 1412 1271; baseline 0.005 -18"><span class='ocrx_word' id='word_1_137' title='bbox 118 1214 315 1254; x_wconf 77' lang='lat' dir='ltr'><strong>cessarium</strong></span> <span class='ocrx_word' id='word_1_138' title='bbox 332 1215 377 1254; x_wconf 82' lang='lat' dir='ltr'><strong>iis</strong></span> <span class='ocrx_word' id='word_1_139' title='bbox 397 1214 493 1254; x_wconf 78' lang='lat' dir='ltr'><strong>locis</strong></span> <span class='ocrx_word' id='word_1_140' title='bbox 515 1216 731 1266; x_wconf 81' lang='lat' dir='ltr'><strong>putabant3</strong></span> <span class='ocrx_word' id='word_1_141' title='bbox 749 1226 832 1256; x_wconf 91' lang='lat' dir='ltr'><strong>tum</strong></span> <span class='ocrx_word' id='word_1_142' title='bbox 857 1218 944 1267; x_wconf 84' lang='lat' dir='ltr'><strong>quia</strong></span> <span class='ocrx_word' id='word_1_143' title='bbox 966 1218 1091 1257; x_wconf 88' lang='lat' dir='ltr'><strong>multo</strong></span> <span class='ocrx_word' id='word_1_144' title='bbox 1110 1220 1190 1268; x_wconf 86' lang='lat' dir='ltr'><strong>jam</strong></span> <span class='ocrx_word' id='word_1_145' title='bbox 1213 1228 1412 1271; x_wconf 84' lang='lat' dir='ltr'><strong>tempore,</strong></span> 
     </span>
     <span class='ocr_line' id='line_1_18' title="bbox 114 1277 1413 1332; baseline 0.007 -18"><span class='ocrx_word' id='word_1_146' title='bbox 114 1289 166 1322; x_wconf 74' lang='lat' dir='ltr'><strong>ex</strong></span> <span class='ocrx_word' id='word_1_147' title='bbox 190 1290 266 1327; x_wconf 89' lang='lat' dir='ltr'><strong>quo</strong></span> <span class='ocrx_word' id='word_1_148' title='bbox 291 1277 507 1315; x_wconf 87' lang='lat' dir='ltr'><strong>Demetrius</strong></span> <span class='ocrx_word' id='word_1_149' title='bbox 533 1278 689 1317; x_wconf 88' lang='lat' dir='ltr'><strong>Pharius</strong></span> <span class='ocrx_word' id='word_1_150' title='bbox 719 1277 934 1319; x_wconf 88' lang='lat' dir='ltr'><strong>debellatus</strong></span> <span class='ocrx_word' id='word_1_151' title='bbox 961 1280 1107 1330; x_wconf 88' lang='lat' dir='ltr'><strong>fuerat,</strong></span> <span class='ocrx_word' id='word_1_152' title='bbox 1131 1291 1278 1332; x_wconf 84' lang='lat' dir='ltr'><strong>partem</strong></span> <span class='ocrx_word' id='word_1_153' title='bbox 1305 1282 1413 1323; x_wconf 87' lang='lat' dir='ltr'><strong>illam</strong></span> 
     </span>
     <span class='ocr_line' id='line_1_19' title="bbox 119 1337 1411 1393; baseline 0.002 -15"><span class='ocrx_word' id='word_1_154' title='bbox 119 1337 286 1389; x_wconf 84' lang='lat' dir='ltr'><strong>Illyrici,</strong></span> <span class='ocrx_word' id='word_1_155' title='bbox 307 1351 390 1388; x_wconf 87' lang='lat' dir='ltr'><strong>quae</strong></span> <span class='ocrx_word' id='word_1_156' title='bbox 411 1339 461 1377; x_wconf 87' lang='lat' dir='ltr'><strong>ad</strong></span> <span class='ocrx_word' id='word_1_157' title='bbox 485 1351 592 1377; x_wconf 79' lang='lat' dir='ltr'><strong>mare</strong></span> <span class='ocrx_word' id='word_1_158' title='bbox 615 1340 853 1379; x_wconf 79' lang='lat' dir='ltr'><strong>Adriaticum</strong></span> <span class='ocrx_word' id='word_1_159' title='bbox 877 1343 1017 1392; x_wconf 84' lang='lat' dir='ltr'><strong>vergit,</strong></span> <span class='ocrx_word' id='word_1_160' title='bbox 1042 1356 1123 1381; x_wconf 92' lang='lat' dir='ltr'><strong>non</strong></span> <span class='ocrx_word' id='word_1_161' title='bbox 1145 1343 1411 1393; x_wconf 75' lang='lat' dir='ltr'><strong>inspexerant:</strong></span> 
     </span>
     <span class='ocr_line' id='line_1_20' title="bbox 118 1399 1415 1450; baseline 0.004 -13"><span class='ocrx_word' id='word_1_162' title='bbox 118 1407 202 1438; x_wconf 78' lang='lat' dir='ltr'><strong>tum</strong></span> <span class='ocrx_word' id='word_1_163' title='bbox 233 1401 322 1450; x_wconf 83' lang='lat' dir='ltr'><strong>quia</strong></span> <span class='ocrx_word' id='word_1_164' title='bbox 352 1399 536 1439; x_wconf 75' lang='lat' dir='ltr'><strong>nolebant</strong></span> <span class='ocrx_word' id='word_1_165' title='bbox 564 1400 786 1440; x_wconf 83' lang='lat' dir='ltr'><strong>Italicorum</strong></span> <span class='ocrx_word' id='word_1_166' title='bbox 820 1403 1053 1450; x_wconf 83' lang='lat' dir='ltr'><strong>populorum</strong></span> <span class='ocrx_word' id='word_1_167' title='bbox 1087 1404 1236 1441; x_wconf 87' lang='lat' dir='ltr'><strong>animos</strong></span> <span class='ocrx_word' id='word_1_168' title='bbox 1269 1404 1415 1442; x_wconf 82' lang='lat' dir='ltr'><strong>diutur-</strong></span> 
     </span>
     <span class='ocr_line' id='line_1_21' title="bbox 119 1461 1412 1515; baseline 0.005 -16"><span class='ocrx_word' id='word_1_169' title='bbox 119 1461 219 1500; x_wconf 85' lang='lat' dir='ltr'><strong>niori</strong></span> <span class='ocrx_word' id='word_1_170' title='bbox 244 1463 325 1500; x_wconf 86' lang='lat' dir='ltr'><strong>otio</strong></span> <span class='ocrx_word' id='word_1_171' title='bbox 350 1461 594 1501; x_wconf 84' lang='lat' dir='ltr'><strong>marcescere.</strong></span> <span class='ocrx_word' id='word_1_172' title='bbox 616 1463 769 1501; x_wconf 85' lang='lat' dir='ltr'><strong>Annum</strong></span> <span class='ocrx_word' id='word_1_173' title='bbox 797 1463 901 1500; x_wconf 88' lang='lat' dir='ltr'><strong>enirn</strong></span> <span class='ocrx_word' id='word_1_174' title='bbox 925 1463 1003 1511; x_wconf 86' lang='lat' dir='ltr'><strong>jam</strong></span> <span class='ocrx_word' id='word_1_175' title='bbox 1030 1463 1308 1504; x_wconf 88' lang='lat' dir='ltr'><strong>duodecimum</strong></span> <span class='ocrx_word' id='word_1_176' title='bbox 1323 1496 1334 1515; x_wconf 92' lang='lat'><strong>,</strong></span> <span class='ocrx_word' id='word_1_177' title='bbox 1352 1480 1412 1505; x_wconf 87' lang='lat' dir='ltr'><strong>re·</strong></span> 
     </span>
     <span class='ocr_line' id='line_1_22' title="bbox 119 1524 1099 1576; baseline -0.003 -12"><span class='ocrx_word' id='word_1_178' title='bbox 119 1525 231 1566; x_wconf 74' lang='lat' dir='ltr'><strong>dac‘ta</strong></span> <span class='ocrx_word' id='word_1_179' title='bbox 258 1526 298 1564; x_wconf 93' lang='lat' dir='ltr'><strong>in</strong></span> <span class='ocrx_word' id='word_1_180' title='bbox 319 1526 549 1576; x_wconf 82' lang='lat' dir='ltr'><strong>potestatem</strong></span> <span class='ocrx_word' id='word_1_181' title='bbox 579 1524 837 1571; x_wconf 86' lang='lat' dir='ltr'><strong>Macedonia,</strong></span> <span class='ocrx_word' id='word_1_182' title='bbox 866 1524 1099 1574; x_wconf 78' lang='lat' dir='ltr'><strong>quieverant.</strong></span> 
     </span>
    </p>

    <p class='ocr_par' dir='ltr' id='par_1_4' title="bbox 118 1585 1413 2452">
     <span class='ocr_line' id='line_1_23' title="bbox 172 1585 1409 1641; baseline 0.001 -15"><span class='ocrx_word' id='word_1_183' title='bbox 172 1585 307 1626; x_wconf 91' lang='lat' dir='ltr'>XXII.</span> <span class='ocrx_word' id='word_1_184' title='bbox 330 1587 425 1627; x_wconf 85' lang='lat' dir='ltr'><strong>Haec</strong></span> <span class='ocrx_word' id='word_1_185' title='bbox 445 1599 491 1625; x_wconf 83' lang='lat' dir='ltr'><strong>eo</strong></span> <span class='ocrx_word' id='word_1_186' title='bbox 518 1587 638 1626; x_wconf 88' lang='lat' dir='ltr'><strong>ferme</strong></span> <span class='ocrx_word' id='word_1_187' title='bbox 659 1600 760 1627; x_wconf 86' lang='lat' dir='ltr'><strong>anno</strong></span> <span class='ocrx_word' id='word_1_188' title='bbox 787 1588 908 1639; x_wconf 86' lang='lat' dir='ltr'><strong>gesta,</strong></span> <span class='ocrx_word' id='word_1_189' title='bbox 934 1590 970 1627; x_wconf 64' lang='grc' dir='ltr'>ἃ</span> <span class='ocrx_word' id='word_1_190' title='bbox 989 1589 1028 1625; x_wconf 87' lang='lat' dir='ltr'><strong>in</strong></span> <span class='ocrx_word' id='word_1_191' title='bbox 1054 1588 1194 1627; x_wconf 79' lang='lat' dir='ltr'><strong>Piceno</strong></span> <span class='ocrx_word' id='word_1_192' title='bbox 1222 1601 1311 1641; x_wconf 82' lang='lat' dir='ltr'><strong>agro</strong></span> <span class='ocrx_word' id='word_1_193' title='bbox 1335 1590 1409 1629; x_wconf 85' lang='lat' dir='ltr'><strong>Au-</strong></span> 
     </span>
     <span class='ocr_line' id='line_1_24' title="bbox 120 1648 1408 1701; baseline 0.002 -14"><span class='ocrx_word' id='word_1_194' title='bbox 120 1649 273 1688; x_wconf 80' lang='lat' dir='ltr'><strong>ximum</strong></span> <span class='ocrx_word' id='word_1_195' title='bbox 299 1648 493 1687; x_wconf 87' lang='lat' dir='ltr'><strong>coloniam</strong></span> <span class='ocrx_word' id='word_1_196' title='bbox 512 1649 718 1688; x_wconf 67' lang='lat' dir='ltr'><strong>deductam</strong></span> <span class='ocrx_word' id='word_1_197' title='bbox 733 1681 743 1698; x_wconf 89' lang='lat'><strong>,</strong></span> <span class='ocrx_word' id='word_1_198' title='bbox 761 1652 922 1701; x_wconf 84' lang='lat' dir='ltr'><strong>reperio.</strong></span> <span class='ocrx_word' id='word_1_199' title='bbox 954 1650 1043 1689; x_wconf 86' lang='lat' dir='ltr'><strong>Sed·</strong></span> <span class='ocrx_word' id='word_1_200' title='bbox 1059 1650 1123 1688; x_wconf 89' lang='lat' dir='ltr'><strong>ubi</strong></span> <span class='ocrx_word' id='word_1_201' title='bbox 1148 1650 1189 1689; x_wconf 87' lang='lat' dir='ltr'><strong>L.</strong></span> <span class='ocrx_word' id='word_1_202' title='bbox 1207 1650 1408 1690; x_wconf 80' lang='lat' dir='ltr'><strong>Cornelius</strong></span> 
     </span>
     <span class='ocr_line' id='line_1_25' title="bbox 120 1709 1413 1763; baseline 0.002 -13"><span class='ocrx_word' id='word_1_203' title='bbox 120 1709 189 1750; x_wconf 89' lang='lat' dir='ltr'><strong>Cn.</strong></span> <span class='ocrx_word' id='word_1_204' title='bbox 218 1709 258 1750; x_wconf 88' lang='lat' dir='ltr'><strong>F.</strong></span> <span class='ocrx_word' id='word_1_205' title='bbox 287 1710 328 1751; x_wconf 89' lang='lat' dir='ltr'><strong>L.</strong></span> <span class='ocrx_word' id='word_1_206' title='bbox 349 1711 397 1752; x_wconf 89' lang='lat' dir='ltr'><strong>N.</strong></span> <span class='ocrx_word' id='word_1_207' title='bbox 424 1711 608 1751; x_wconf 86' lang='lat' dir='ltr'><strong>Lentulus</strong></span> <span class='ocrx_word' id='word_1_208' title='bbox 636 1713 790 1763; x_wconf 86' lang='lat' dir='ltr'><strong>Lupus,</strong></span> <span class='ocrx_word' id='word_1_209' title='bbox 822 1713 861 1752; x_wconf 93' lang='lat' dir='ltr'><strong>C.</strong></span> <span class='ocrx_word' id='word_1_210' title='bbox 888 1712 1058 1753; x_wconf 81' lang='lat' dir='ltr'><strong>Marcius</strong></span> <span class='ocrx_word' id='word_1_211' title='bbox 1082 1712 1123 1752; x_wconf 89' lang='lat' dir='ltr'><strong>C.</strong></span> <span class='ocrx_word' id='word_1_212' title='bbox 1145 1712 1184 1752; x_wconf 89' lang='lat' dir='ltr'><strong>F.</strong></span> <span class='ocrx_word' id='word_1_213' title='bbox 1205 1714 1254 1763; x_wconf 63' lang='lat' dir='ltr'><strong>O,-</strong></span> <span class='ocrx_word' id='word_1_214' title='bbox 1276 1714 1324 1752; x_wconf 89' lang='lat' dir='ltr'><strong>N.</strong></span> <span class='ocrx_word' id='word_1_215' title='bbox 1352 1713 1413 1753; x_wconf 70' lang='lat' dir='ltr'><strong>Fi-</strong></span> 
     </span>
     <span class='ocr_line' id='line_1_26' title="bbox 120 1771 1412 1825; baseline 0.003 -14"><span class='ocrx_word' id='word_1_216' title='bbox 120 1771 232 1823; x_wconf 87' lang='lat' dir='ltr'><strong>gulus</strong></span> <span class='ocrx_word' id='word_1_217' title='bbox 253 1773 416 1822; x_wconf 85' lang='lat' dir='ltr'><strong>iterum,</strong></span> <span class='ocrx_word' id='word_1_218' title='bbox 431 1773 692 1824; x_wconf 84' lang='lat' dir='ltr'><strong>magistratum</strong></span> <span class='ocrx_word' id='word_1_219' title='bbox 712 1774 898 1821; x_wconf 85' lang='lat' dir='ltr'><strong>inierunt,</strong></span> <span class='ocrx_word' id='word_1_220' title='bbox 917 1775 1093 1825; x_wconf 83' lang='lat' dir='ltr'><strong>prodigia</strong></span> <span class='ocrx_word' id='word_1_221' title='bbox 1116 1777 1290 1825; x_wconf 72' lang='lat' dir='ltr'><strong>quaedam</strong></span> <span class='ocrx_word' id='word_1_222' title='bbox 1314 1789 1412 1815; x_wconf 88' lang='lat' dir='ltr'><strong>nun-</strong></span> 
     </span>
     <span class='ocr_line' id='line_1_27' title="bbox 118 1835 1413 1886; baseline 0.004 -13"><span class='ocrx_word' id='word_1_223' title='bbox 118 1835 222 1876; x_wconf 81' lang='lat' dir='ltr'><strong>tiata.</strong></span> <span class='ocrx_word' id='word_1_224' title='bbox 251 1835 391 1885; x_wconf 90' lang='lat' dir='ltr'><strong>quibus</strong></span> <span class='ocrx_word' id='word_1_225' title='bbox 412 1835 483 1874; x_wconf 89' lang='lat' dir='ltr'><strong>rite</strong></span> <span class='ocrx_word' id='word_1_226' title='bbox 499 1835 710 1886; x_wconf 87' lang='lat' dir='ltr'><strong>procuratis</strong></span> <span class='ocrx_word' id='word_1_227' title='bbox 729 1837 769 1874; x_wconf 90' lang='lat' dir='ltr'><strong>in</strong></span> <span class='ocrx_word' id='word_1_228' title='bbox 796 1835 1009 1885; x_wconf 89' lang='lat' dir='ltr'><strong>provincias</strong></span> <span class='ocrx_word' id='word_1_229' title='bbox 1034 1836 1195 1886; x_wconf 69' lang='lat' dir='ltr'><strong>profecti</strong></span> <span class='ocrx_word' id='word_1_230' title='bbox 1214 1836 1300 1877; x_wconf 83' lang='lat' dir='ltr'><strong>sunt</strong></span> <span class='ocrx_word' id='word_1_231' title='bbox 1320 1851 1413 1878; x_wconf 87' lang='lat' dir='ltr'><strong>con-</strong></span> 
     </span>
     <span class='ocr_line' id='line_1_28' title="bbox 119 1895 1410 1950; baseline 0.004 -16"><span class='ocrx_word' id='word_1_232' title='bbox 119 1895 230 1935; x_wconf 90' lang='lat' dir='ltr'><strong>sules.</strong></span> <span class='ocrx_word' id='word_1_233' title='bbox 265 1896 415 1936; x_wconf 88' lang='lat' dir='ltr'><strong>Bellum</strong></span> <span class='ocrx_word' id='word_1_234' title='bbox 431 1896 690 1936; x_wconf 84' lang='lat' dir='ltr'><strong>Dalmaticum</strong></span> <span class='ocrx_word' id='word_1_235' title='bbox 715 1896 757 1935; x_wconf 92' lang='lat' dir='ltr'><strong>C.</strong></span> <span class='ocrx_word' id='word_1_236' title='bbox 774 1896 923 1936; x_wconf 85' lang='lat' dir='ltr'><strong>Marcio</strong></span> <span class='ocrx_word' id='word_1_237' title='bbox 941 1906 1139 1937; x_wconf 87' lang='lat' dir='ltr'><strong>evenerat:</strong></span> <span class='ocrx_word' id='word_1_238' title='bbox 1157 1910 1245 1937; x_wconf 87' lang='lat' dir='ltr'><strong>cum</strong></span> <span class='ocrx_word' id='word_1_239' title='bbox 1263 1913 1308 1938; x_wconf 89' lang='lat' dir='ltr'><strong>eo</strong></span> <span class='ocrx_word' id='word_1_240' title='bbox 1324 1900 1410 1950; x_wconf 83' lang='lat' dir='ltr'><strong>juffi</strong></span> 
     </span>
     <span class='ocr_line' id='line_1_29' title="bbox 120 1957 1411 2010; baseline 0.004 -14"><span class='ocrx_word' id='word_1_241' title='bbox 120 1958 313 2009; x_wconf 77' lang='lat' dir='ltr'><strong>proficisci</strong></span> <span class='ocrx_word' id='word_1_242' title='bbox 325 1957 439 2008; x_wconf 81' lang='lat' dir='ltr'><strong>legati</strong></span> <span class='ocrx_word' id='word_1_243' title='bbox 456 1959 505 1997; x_wconf 91' lang='lat' dir='ltr'><strong>ad</strong></span> <span class='ocrx_word' id='word_1_244' title='bbox 527 1971 585 1997; x_wconf 87' lang='lat' dir='ltr'><strong>res</strong></span> <span class='ocrx_word' id='word_1_245' title='bbox 605 1958 711 2008; x_wconf 86' lang='lat' dir='ltr'><strong>Epiri</strong></span> <span class='ocrx_word' id='word_1_246' title='bbox 728 1959 974 1998; x_wconf 83' lang='lat' dir='ltr'><strong>ordinandas.</strong></span> <span class='ocrx_word' id='word_1_247' title='bbox 1002 1973 1126 2010; x_wconf 87' lang='lat' dir='ltr'><strong>nuper</strong></span> <span class='ocrx_word' id='word_1_248' title='bbox 1144 1962 1248 2000; x_wconf 89' lang='lat' dir='ltr'><strong>enim</strong></span> <span class='ocrx_word' id='word_1_249' title='bbox 1265 1975 1285 2001; x_wconf 88' lang='lat' dir='ltr'><strong>a</strong></span> <span class='ocrx_word' id='word_1_250' title='bbox 1301 1962 1411 2001; x_wconf 86' lang='lat' dir='ltr'><strong>Phoe-</strong></span> 
     </span>
     <span class='ocr_line' id='line_1_30' title="bbox 119 2019 1413 2074; baseline 0.004 -16"><span class='ocrx_word' id='word_1_251' title='bbox 119 2019 232 2067; x_wconf 86' lang='lat' dir='ltr'><strong>nica,</strong></span> <span class='ocrx_word' id='word_1_252' title='bbox 261 2031 344 2068; x_wconf 87' lang='lat' dir='ltr'><strong>quae</strong></span> <span class='ocrx_word' id='word_1_253' title='bbox 370 2021 542 2058; x_wconf 83' lang='lat' dir='ltr'><strong>maxima</strong></span> <span class='ocrx_word' id='word_1_254' title='bbox 567 2020 848 2071; x_wconf 83' lang='lat' dir='ltr'><strong>Epiroticarum</strong></span> <span class='ocrx_word' id='word_1_255' title='bbox 880 2020 1034 2059; x_wconf 89' lang='lat' dir='ltr'><strong>urbium</strong></span> <span class='ocrx_word' id='word_1_256' title='bbox 1063 2023 1138 2070; x_wconf 90' lang='lat' dir='ltr'><strong>est,</strong></span> <span class='ocrx_word' id='word_1_257' title='bbox 1157 2024 1275 2074; x_wconf 85' lang='lat' dir='ltr'><strong>legati</strong></span> <span class='ocrx_word' id='word_1_258' title='bbox 1299 2038 1413 2063; x_wconf 85' lang='lat' dir='ltr'><strong>vene-</strong></span> 
     </span>
     <span class='ocr_line' id='line_1_31' title="bbox 121 2081 1411 2137; baseline 0.005 -18"><span class='ocrx_word' id='word_1_259' title='bbox 121 2088 233 2129; x_wconf 83' lang='lat' dir='ltr'><strong>rant,</strong></span> <span class='ocrx_word' id='word_1_260' title='bbox 257 2081 501 2131; x_wconf 82' lang='lat' dir='ltr'><strong>postulantes,</strong></span> <span class='ocrx_word' id='word_1_261' title='bbox 524 2095 573 2121; x_wconf 92' lang='lat' dir='ltr'><strong>ne</strong></span> <span class='ocrx_word' id='word_1_262' title='bbox 592 2083 760 2133; x_wconf 91' lang='lat' dir='ltr'><strong>recipere</strong></span> <span class='ocrx_word' id='word_1_263' title='bbox 787 2081 934 2121; x_wconf 82' lang='lat' dir='ltr'><strong>exsules</strong></span> <span class='ocrx_word' id='word_1_264' title='bbox 956 2094 1208 2134; x_wconf 80' lang='lat' dir='ltr'><strong>cogerentur,</strong></span> <span class='ocrx_word' id='word_1_265' title='bbox 1234 2088 1297 2137; x_wconf 90' lang='lat' dir='ltr'><strong>qui</strong></span> <span class='ocrx_word' id='word_1_266' title='bbox 1313 2087 1411 2126; x_wconf 75' lang='lat' dir='ltr'><strong>Cha-</strong></span> 
     </span>
     <span class='ocr_line' id='line_1_32' title="bbox 118 2144 1409 2195; baseline 0.005 -13"><span class='ocrx_word' id='word_1_267' title='bbox 118 2157 217 2194; x_wconf 80' lang='lat' dir='ltr'><strong>ropo</strong></span> <span class='ocrx_word' id='word_1_268' title='bbox 234 2145 387 2183; x_wconf 64' lang='lat' dir='ltr'><strong>auctore</strong></span> <span class='ocrx_word' id='word_1_269' title='bbox 403 2144 497 2195; x_wconf 75' lang='lat' dir='ltr'><strong>pulsi</strong></span> <span class='ocrx_word' id='word_1_270' title='bbox 518 2144 614 2184; x_wconf 90' lang='lat' dir='ltr'><strong>urbe</strong></span> <span class='ocrx_word' id='word_1_271' title='bbox 632 2145 805 2193; x_wconf 84' lang='lat' dir='ltr'><strong>fuerant,</strong></span> <span class='ocrx_word' id='word_1_272' title='bbox 828 2147 863 2184; x_wconf 60' lang='grc' dir='ltr'><strong>ὃς</strong></span> <span class='ocrx_word' id='word_1_273' title='bbox 887 2155 970 2184; x_wconf 88' lang='lat' dir='ltr'><strong>tum</strong></span> <span class='ocrx_word' id='word_1_274' title='bbox 994 2147 1111 2186; x_wconf 87' lang='lat' dir='ltr'><strong>miffis</strong></span> <span class='ocrx_word' id='word_1_275' title='bbox 1128 2161 1176 2187; x_wconf 77' lang='lat' dir='ltr'><strong>ex</strong></span> <span class='ocrx_word' id='word_1_276' title='bbox 1193 2149 1259 2188; x_wconf 82' lang='lat' dir='ltr'><strong>suo</strong></span> <span class='ocrx_word' id='word_1_277' title='bbox 1274 2150 1409 2188; x_wconf 88' lang='lat' dir='ltr'><strong>ordine</strong></span> 
     </span>
     <span class='ocr_line' id='line_1_33' title="bbox 119 2205 1409 2260; baseline 0.005 -16"><span class='ocrx_word' id='word_1_278' title='bbox 119 2205 341 2252; x_wconf 82' lang='lat' dir='ltr'><strong>nonnullis,</strong></span> <span class='ocrx_word' id='word_1_279' title='bbox 369 2221 392 2244; x_wconf 85' lang='lat' dir='ltr'><strong>a</strong></span> <span class='ocrx_word' id='word_1_280' title='bbox 417 2208 545 2258; x_wconf 80' lang='lat' dir='ltr'><strong>senatu</strong></span> <span class='ocrx_word' id='word_1_281' title='bbox 571 2209 699 2260; x_wconf 80' lang='lat' dir='ltr'><strong>restitui</strong></span> <span class='ocrx_word' id='word_1_282' title='bbox 731 2208 902 2248; x_wconf 84' lang='lat' dir='ltr'><strong>orabant.</strong></span> <span class='ocrx_word' id='word_1_283' title='bbox 954 2209 1132 2250; x_wconf 87' lang='lat' dir='ltr'><strong>Ceterum</strong></span> <span class='ocrx_word' id='word_1_284' title='bbox 1167 2211 1209 2251; x_wconf 92' lang='lat' dir='ltr'><strong>C.</strong></span> <span class='ocrx_word' id='word_1_285' title='bbox 1240 2213 1409 2252; x_wconf 70' lang='lat' dir='ltr'><strong>Marcius</strong></span> 
     </span>
     <span class='ocr_line' id='line_1_34' title="bbox 119 2267 1407 2324; baseline 0.004 -16"><span class='ocrx_word' id='word_1_286' title='bbox 119 2267 257 2308; x_wconf 82' lang='lat' dir='ltr'><strong>consul</strong></span> <span class='ocrx_word' id='word_1_287' title='bbox 271 2280 361 2307; x_wconf 88' lang='lat' dir='ltr'><strong>curn</strong></span> <span class='ocrx_word' id='word_1_288' title='bbox 378 2269 548 2307; x_wconf 86' lang='lat' dir='ltr'><strong>exercitu</strong></span> <span class='ocrx_word' id='word_1_289' title='bbox 569 2270 608 2307; x_wconf 89' lang='lat' dir='ltr'><strong>in</strong></span> <span class='ocrx_word' id='word_1_290' title='bbox 622 2269 716 2308; x_wconf 84' lang='lat' dir='ltr'><strong>fines</strong></span> <span class='ocrx_word' id='word_1_291' title='bbox 741 2270 1005 2311; x_wconf 86' lang='lat' dir='ltr'><strong>Dalmatarum</strong></span> <span class='ocrx_word' id='word_1_292' title='bbox 1031 2274 1282 2324; x_wconf 84' lang='lat' dir='ltr'><strong>irruptionem</strong></span> <span class='ocrx_word' id='word_1_293' title='bbox 1304 2275 1407 2313; x_wconf 86' lang='lat' dir='ltr'><strong>fecit.</strong></span> 
     </span>
     <span class='ocr_line' id='line_1_35' title="bbox 121 2330 1410 2386; baseline 0.005 -16"><span class='ocrx_word' id='word_1_294' title='bbox 121 2331 219 2378; x_wconf 80' lang='lat' dir='ltr'><strong>Sed,</strong></span> <span class='ocrx_word' id='word_1_295' title='bbox 231 2330 521 2369; x_wconf 85' lang='lat' dir='ltr'><strong>occurrentibus</strong></span> <span class='ocrx_word' id='word_1_296' title='bbox 546 2332 693 2370; x_wconf 83' lang='lat' dir='ltr'><strong>strenue</strong></span> <span class='ocrx_word' id='word_1_297' title='bbox 711 2333 920 2379; x_wconf 84' lang='lat' dir='ltr'><strong>Dalmatis,</strong></span> <span class='ocrx_word' id='word_1_298' title='bbox 937 2335 1146 2384; x_wconf 82' lang='lat' dir='ltr'><strong>ignominia</strong></span> <span class='ocrx_word' id='word_1_299' title='bbox 1162 2340 1195 2374; x_wconf 64' lang='lat' dir='ltr'><strong>ok</strong></span> <span class='ocrx_word' id='word_1_300' title='bbox 1213 2350 1320 2386; x_wconf 83' lang='lat' dir='ltr'><strong>paene</strong></span> <span class='ocrx_word' id='word_1_301' title='bbox 1338 2338 1410 2377; x_wconf 80' lang='lat' dir='ltr'><strong>cla-</strong></span> 
     </span>
     <span class='ocr_line' id='line_1_36' title="bbox 121 2394 1410 2452; baseline 0.008 -19"><span class='ocrx_word' id='word_1_302' title='bbox 121 2395 192 2433; x_wconf 85' lang='lat' dir='ltr'><strong>des</strong></span> <span class='ocrx_word' id='word_1_303' title='bbox 222 2403 380 2444; x_wconf 86' lang='lat' dir='ltr'><strong>accepta</strong></span> <span class='ocrx_word' id='word_1_304' title='bbox 406 2394 482 2442; x_wconf 88' lang='lat' dir='ltr'><strong>est,</strong></span> <span class='ocrx_word' id='word_1_305' title='bbox 507 2395 661 2435; x_wconf 86' lang='lat' dir='ltr'><strong>turbato</strong></span> <span class='ocrx_word' id='word_1_306' title='bbox 693 2396 958 2437; x_wconf 80' lang='lat' dir='ltr'><strong>Romanorum</strong></span> <span class='ocrx_word' id='word_1_307' title='bbox 987 2400 1164 2450; x_wconf 84' lang='lat' dir='ltr'><strong>agmine,</strong></span> <span class='ocrx_word' id='word_1_308' title='bbox 1194 2403 1304 2452; x_wconf 40' lang='lat' dir='ltr'><strong>&amp;jad</strong></span> <span class='ocrx_word' id='word_1_309' title='bbox 1332 2404 1410 2443; x_wconf 86' lang='lat' dir='ltr'><strong>flu-</strong></span> 
     </span>
    </p>
   </div>
   <div class='ocr_carea' id='block_1_3' title="bbox 170 2502 1064 2550">
    <p class='ocr_par' dir='ltr' id='par_1_5' title="bbox 170 2502 1064 2550">
     <span class='ocr_line' id='line_1_37' title="bbox 170 2502 1064 2550; baseline 0 -14"><span class='ocrx_word' id='word_1_310' title='bbox 170 2503 194 2548; x_wconf 76' lang='lat'>§</span> <span class='ocrx_word' id='word_1_311' title='bbox 213 2503 290 2536; x_wconf 82' lang='lat' dir='ltr'><strong>XX.</strong></span> <span class='ocrx_word' id='word_1_312' title='bbox 307 2502 426 2549; x_wconf 78' lang='lat' dir='ltr'><strong>Polyb.</strong></span> <span class='ocrx_word' id='word_1_313' title='bbox 453 2503 596 2548; x_wconf 74' lang='lat' dir='ltr'><strong>Appiam</strong></span> <span class='ocrx_word' id='word_1_314' title='bbox 620 2506 640 2548; x_wconf 82' lang='lat'>§</span> <span class='ocrx_word' id='word_1_315' title='bbox 660 2505 750 2538; x_wconf 81' lang='lat' dir='ltr'>XXI.</span> <span class='ocrx_word' id='word_1_316' title='bbox 775 2505 919 2549; x_wconf 84' lang='lat' dir='ltr'><strong>Appian.</strong></span> <span class='ocrx_word' id='word_1_317' title='bbox 946 2505 1064 2550; x_wconf 69' lang='lat' dir='ltr'><strong>Polyb.</strong></span> 
     </span>
    </p>
   </div>
  </div>
 </body>
</html>
