1673 3052
223 212 227 222 .
295 181 378 229 ‘IN
426 178 609 226 LOC„
651 178 787 225 LIB.
837 177 909 223 Ll
973 175 1118 222 LIV.
1290 189 1383 236 379

97 302 120 332 a
139 288 356 337 m'oenibus,
373 295 485 328 meur
496 293 781 325 tormentorum
795 315 807 333 ,
828 286 865 324 ἀ
883 284 937 324 ibi
954 284 1123 324 maxime
1143 280 1383 321 tumultuari-

99 350 199 392 tium
219 350 427 398 fluctuum,
448 347 610 395 stantes,
628 346 782 387 facilem
810 346 1033 398 praebe-bant
1055 345 1235 385 onerariis
1254 343 1388 383 tranfi-

97 424 205 462 tum;
232 423 357 463 neque
382 411 559 462 persequi
593 410 830 461 transgressas
857 409 944 448 usus
971 418 1078 458 erat,
1105 421 1193 447 cum
1221 410 1336 445 vetito
1361 418 1385 445 a

99 477 195 516 mari
219 475 368 514 fortiter
387 474 504 514 flante
525 471 628 528 (hoc
649 473 752 511 enim
776 471 856 510 solo
882 482 1058 523 tempore
1082 468 1310 522 utebantur)
1324 469 1386 507 fu-

100 539 245 590 gientia
268 536 355 578 vela
380 535 489 575 nullo
519 535 678 586 remigio
716 533 896 584 consequi
930 534 1102 571 triremes
1132 531 1292 582 poss'ent.
1321 530 1387 570 Sic

100 599 247 652 Bitbyae
268 611 384 638 naves
398 628 409 647 ,
426 598 533 637 sic&
547 596 628 636 aliae
649 604 906 635 mercatorum
921 625 931 642 ,
948 594 1011 645 qui
1034 593 1129 632 lucri
1147 591 1256 631 causa
1277 590 1389 641 quid-

99 659 198 700 libet
219 659 440 699 audendum
463 659 722 706 crediderant,
736 657 902 707 aliquem
925 656 1107 695 frumenti
1123 654 1283 693 modum
1299 652 1388 692 Car-

101 721 303 773 thaginem
317 720 596 760 convehebant.
613 721 689 761 Sed
712 732 836 771 neque
859 719 956 770 saepe
977 720 1060 768 ejus
1079 718 1131 756 rei
1153 715 1389 755 obveniebat

100 784 383 824 commoditas:
394 785 462 832 δε,
485 783 672 834 quidquid
693 784 898 824 advectum
913 782 1060 826 fuerat,
1079 778 1145 818 vix
1166 776 1324 816 delectis
1337 775 1390 813 ad

101 847 280 888 militiam
304 847 526 888 sufficiebat.
551 849 711 898 triginta
744 845 785 886 hi
817 844 938 884 millia
971 842 1213 894 implebant,
1246 838 1393 889 quibus

100 910 323 967 Hasdrubal
355 918 617 950 commeatum
652 922 811 949 omnem
847 906 994 947 solebat:
1026 905 1220 951 dividere,
1252 907 1389 941 ceterae

102 961 361 1014 multitudinis
384 971 483 1011 nihil
503 972 688 1012 misertus.

169 1044 275 1085 XIV.
299 1041 408 1083 Sed¹
401 1055 535 1101 neque
559 1042 637 1090 hoc
670 1041 824 1082 obsessis
852 1040 1077 1081 diuturnum
1108 1036 1182 1077 effe
1210 1034 1390 1075 solatium

103 1095 240 1157 Scipio
251 1105 399 1158 passus,
401 1098 648 1146 considerato
665 1106 766 1145 loci
755 1105 932 1156 ingenio,
955 1112 1086 1154 portus
1107 1101 1268 1146 ostium,
1283 1097 1391 1148 quod

102 1169 154 1208 ad
183 1169 427 1208 occidentem
463 1168 667 1220 vergebat,
694 1167 887 1209 obstruere
921 1167 1091 1206 instituit.
1125 1166 1244 1214 Spem
1271 1161 1390 1200 dabat

103 1228 212 1270 haud
233 1230 329 1270 irriti
350 1229 489 1271 laboris
510 1244 551 1270 os
574 1230 702 1282 ipsum
727 1243 805 1269 non
830 1228 960 1281 amplo
986 1229 1095 1268 adit'u
1121 1234 1253 1277 patens
1267 1254 1280 1270 ,
1297 1223 1392 1262 vici-

105 1306 278 1344 numque
299 1292 333 1332 ei
355 1292 467 1341 litus,
489 1293 595 1332 unde
617 1293 758 1333 ducto
749 1306 788 1332 m
810 1293 931 1332 undas
951 1301 1087 1341 aggere
1110 1285 1285 1338 sperabat
1306 1297 1393 1335 pro-

105 1352 231 1395 hiberi
253 1369 368 1397 naves
390 1356 549 1396 introitu
574 1355 691 1407 posse.
715 1356 844 1405 itaque
865 1353 914 1393 ab
937 1366 982 1391 ea
1005 1350 1163 1400 lingua,
1184 1360 1265 1398 quae
1285 1344 1391 1396 palu-

106 1418 196 1458 dem
217 1433 238 1459 a
261 1421 356 1459 mari
379 1418 594 1470 distinguit,
618 1417 744 1466 orsus,
763 1414 940 1456 molem
931 1428 969 1452 m
994 1412 1116 1451 undas
1139 1422 1247 1461 agere
1262 1406 1391 1447 versus

104 1480 309 1532 ingressum
334 1489 467 1534 portus
493 1481 635 1532 coepit,
656 1477 939 1531 praegrandium
966 1474 1145 1514 saxorum
1171 1483 1310 1520 magna
1326 1481 1392 1508 co-

106 1543 172 1595 pia
189 1540 434 1596 crepidinem
460 1543 646 1591 fulciens,
671 1555 719 1581 ne
746 1542 782 1580 vi
814 1541 1001 1579 fluctuum
1027 1534 1230 1575 fatisceret.
1262 1540 1392 1571 totum

107 1618 208 1656 opus
241 1605 293 1645 ita
324 1604 503 1657 surgebat
535 1603 582 1643 ab
614 1604 715 1656 imo,
741 1600 879 1640 minori
904 1597 1068 1637 subinde
1092 1593 1326 1639 latitudine,
1348 1598 1393 1630 ut

107 1665 148 1705 in
165 1666 292 1706 fundo
315 1667 412 1706 duos
432 1667 468 1705 Sc
489 1661 697 1709 nonaginta
717 1662 833 1714 pedes
859 1650 1046 1706 crassum,
1062 1658 1101 1696 in
1125 1656 1274 1695 summo
1301 1667 1392 1704 qua-

105 1734 196 1768 tuor
218 1727 399 1779 &viginti
413 1726 516 1767 effet.
545 1723 915 1777 Carthaginienfibus
934 1732 1151 1772 quanquam
1172 1726 1320 1756 certum
1337 1718 1394 1755 vi-

108 1789 297 1838 debatur,
320 1788 505 1840 improbae
528 1787 607 1839 spei
632 1799 727 1839 opus
748 1786 849 1826 ultro
873 1784 1080 1823 cariturum
1101 1778 1271 1819 succeflu
1294 1779 1389 1825 effe,

108 1853 239 1890 tamen
272 1850 371 1890 nihil
397 1852 445 1891 ad
477 1851 662 1890 arcendos
690 1851 847 1899 incepto
878 1847 1073 1887 Romanos
1098 1840 1389 1894 praetermiffum

107 1912 186 1954 est:
213 1912 276 1952 sed
303 1912 436 1952 frustra
461 1912 587 1952 omnis
616 1924 748 1951 eorum
774 1912 809 1950 δέ
831 1910 889 1949 vis
906 1940 916 1957 ,
943 1910 976 1947 ἃ
1002 1905 1113 1946 dolus
1138 1904 1224 1944 fuit.

113 1987 118 1990 '
161 1983 389 2024 XV.'Unde
421 1981 635 2034 gravissimo
665 1988 813 2020 terrore
846 1977 1028 2030 perculsi,
1056 1988 1145 2014 cum
1174 1973 1272 2013 nihil
1297 1973 1392 2013 soli-

109 2051 239 2085 torum
265 2045 524 2085 remediorum
549 2044 801 2094 procederet,
827 2041 876 2080 ad
902 2038 1065 2079 inusitati
1093 2035 1259 2085 exempli
1291 2047 1390 2074 con-

109 2106 234 2146 silium
265 2106 302 2146 se
332 2100 778 2152 contulerunt‚,N0v1'Jh1
809 2104 911 2143 enim
945 2101 1114 2141 effodere
1149 2099 1286 2138 ostium
1323 2111 1391 2148 ag-

88 2169 242 2221 ‘'gt-effi,
269 2183 342 2221 qua
367 2171 536 2210 medium
562 2169 601 2208 in
626 2181 729 2207 mare
745 2175 876 2219 portus
906 2163 1198 2217 prospectabat,
1220 2161 1289 2200 ubi
1312 2173 1391 2199 ma-

109 2232 169 2280 jor
193 2231 357 2271 altitudo
381 2233 494 2271 maris
521 2233 556 2271 ἃ
581 2231 634 2269 vis
653 2238 857 2269 ventorum
875 2225 1124 2278 impetuosior
1143 2236 1299 2262 omnem
1321 2221 1392 2260 ob-

110 2292 265 2332 struenti
287 2292 391 2343 spem
415 2285 598 2332 Romanis
621 2292 819 2330 ademtura
845 2289 958 2335 esset,
981 2299 1078 2356 opuc.
1104 2292 1210 2323 tanto
1239 2283 1388 2321 silentio

111 2354 378 2405 perfecerunt,
405 2362 447 2393 ut
471 2367 519 2393 ne
544 2352 683 2404 captivi
711 2352 866 2402 quidem
890 2349 994 2389 aliud
1021 2348 1059 2386 i1
1046 2347 1204 2385 dicare
1218 2344 1388 2395 Scipioni

158 2489 181 2534 §
206 2490 296 2523 Xlll.
319 2489 439 2523 Zonar.
472 2488 618 2533 Appiam.
650 2488 671 2532 §
700 2485 792 2519 xlv.
816 2485 895 2519 Liv.
918 2483 1009 2528 Epic.
1032 2480 1155 2515 Zonar.
1176 2478 1325 2524 Appian.
