1673 3052
246 193 341 245 280
410 192 503 241 JO.
539 190 1038 238 FREINSHEMII
1084 189 1438 237 SUPPLE-M.
1488 234 1491 237 ⁴

243 317 366 346 num:
397 300 583 351 Apollinis
602 306 730 337 autem
754 297 874 348 Cynei
899 296 1044 344 aedem,
1070 308 1152 346 quae
1181 295 1220 334 in
1248 295 1400 336 Temno
1431 295 1535 342 fuit,

244 378 328 406 non
356 362 535 414 spoliavit
554 359 673 398 modo
690 388 701 406 ,
727 369 861 397 verum
887 357 1002 395 etiam
1025 357 1204 396 incendio
1229 356 1445 397 consumfit.
1474 357 1538 396 At-

245 439 321 478 que
348 425 425 464 huc
451 422 591 462 deinde
622 419 786 459 relatum
813 418 889 467 est,
907 418 1012 468 quod
1039 417 1277 468 &pedestres
1301 419 1422 468 copiae
1447 431 1535 469 pto-

247 486 368 528 ssuvio
394 482 468 523 alvi
493 481 715 532 pleramque
743 486 892 529 partem
913 477 1160 526 interierunt,
1185 479 1220 518 <Sc
1248 476 1369 517 claffis
1388 486 1537 528 partem

244 548 374 589 subita
404 544 608 595 tempestas
632 543 669 580 in
696 540 930 591 Propontide
957 552 1047 577 cum
1069 539 1154 589 ipsis
1182 538 1403 579 hominibus
1432 551 1539 578 mer-

246 613 317 658 fit‚
339 609 452 649 aliam
467 639 479 656 ,
509 607 548 646 in
578 605 665 645 loca
694 602 928 654 importuosa
961 600 1200 651 compulsam
1215 631 1225 647 ‚
1245 601 1386 641 tabulis
1410 615 1541 641 arma-

246 670 465 721 mentisque
488 668 694 708 confraffis
708 697 721 713 ‚
743 664 911 704 reddidit
927 662 1118 703 inutilem.
1138 663 1232 703 Haec
1254 661 1318 702 ubi
1338 663 1464 703 Patres
1480 676 1545 702 ac-

249 741 458 786 ceperunt,
487 731 539 771 ob
571 728 776 769 absurdum
802 729 838 766 &
867 725 1044 765 infestum
1070 724 1201 765 Prufiae
1226 723 1375 764 facinus
1404 725 1458 764 ira
1480 738 1544 765 ac-

249 797 378 843 censi,
406 793 593 834 continuo
622 791 768 842 legatos
798 789 933 828 decern
965 788 1195 835 decrevere,
1233 788 1298 837 qui
1327 787 1437 826 finire
1463 786 1543 827 bel-

251 862 351 910 lum,
371 862 405 901 δε
425 857 552 899 Attalo
577 868 646 906 pro
672 853 788 893 illatis
811 851 959 901 injuriis
974 849 1190 889 satisfacere
1213 862 1300 888 eum
1323 856 1516 901 cogerent.

306 923 478 965 XXXV.
502 920 548 960 In
574 918 634 957 his
657 918 697 958 L.
722 915 897 964 Anicius,
922 916 957 955 δι
980 914 1021 954 C.
1048 912 1241 960 Fannius,
1265 914 1300 952 &
1327 914 1379 963 Q.
1400 912 1541 953 Fabius

253 987 453 1031 Maximus
482 984 651 1023 fuerunt.
689 977 872 1020 Censores
899 976 974 1015 hoc
1005 988 1105 1014 anno
1142 975 1257 1013 creati
1286 974 1373 1015 sunt
1397 976 1454 1017 M.
1473 977 1548 1016 Va-

254 1039 371 1091 lerius
395 1048 452 1089 M.
483 1047 525 1087 F.
553 1045 607 1086 M
635 1045 683 1084 N.
709 1040 905 1089 Messana,
933 1039 976 1079 c,
1000 1037 1143 1078 caffius
1169 1037 1212 1077 c,
1240 1037 1280 1078 F.
1309 1039 1351 1078 e.
1374 1040 1423 1080 N.
1448 1040 1549 1079 Lon-

255 1113 393 1164 ginus:
429 1120 595 1160 quorum
618 1104 790 1144 Valerius
817 1101 897 1151 ipse
920 1100 1125 1150 aliquando
1152 1098 1321 1139 censoria
1344 1109 1433 1155 nota
1456 1114 1549 1151 per-

252 1175 403 1215 strieffls
426 1172 564 1211 fuerat.
595 1170 720 1217 Atque
739 1174 783 1204 ut
804 1163 868 1202 hic
891 1162 1056 1213 priorem
1073 1162 1327 1212 ignominiam
1350 1163 1458 1202 novis
1478 1162 1551 1202 ho-

254 1235 417 1277 noi-ibus
442 1231 585 1272 delevit
609 1244 618 1270 :
657 1229 710 1267 ita
744 1227 785 1267 L.
809 1226 923 1265 Cotta
954 1223 1129 1263 tribunus
1158 1222 1283 1274 plebis
1307 1224 1546 1275 magistratus

256 1295 484 1339 sacrosan&
508 1292 736 1343 dignitatem
759 1288 824 1328 vili
849 1287 977 1326 animo
999 1286 1178 1336 faetoque
1203 1284 1371 1335 polluit3
1397 1299 1445 1325 ne
1468 1299 1552 1325 cre-

260 1358 452 1402 ditoribus
470 1356 546 1396 suis
562 1354 796 1394 satisfaceret
809 1382 821 1399 ‚
838 1349 1058 1390 tribunatus
1079 1347 1376 1400 praescriptione-¹
1387 1348 1550 1400 turpiter

259 1422 413 1464 abusus.
449 1419 524 1461 Sed
544 1431 621 1457 non
641 1428 750 1456 mens
773 1414 909 1459 eadem
937 1410 1084 1462 reliquo
1110 1410 1276 1463 collegio
1298 1411 1383 1452 fuit.
1419 1413 1552 1452 decre-

259 1493 472 1534 veruntque
503 1478 686 1520 consensu
702 1509 714 1526 ‚
737 1478 774 1515 ni
794 1478 836 1516 L.
865 1478 965 1516 Cotta
999 1489 1045 1514 ατς
1070 1475 1224 1512 alienum
1249 1474 1468 1526 'diffblveret‚
1487 1487 1553 1515 aut

253 1550 440 1605 vsponsores
469 1547 592 1590 daret,
622 1541 886 1595 appellantibus
911 1540 951 1592 fi
983 1538 1204 1577 creditoribus
1228 1538 1371 1576 auxilio
1388 1537 1545 1590 fitturos.

260 1612 361 1653 Haec
386 1610 518 1649 Roma:
540 1605 652 1657 gesta.
681 1604 861 1644 Ceterum
883 1601 921 1639 in
946 1599 1129 1650 Hispania
1152 1611 1209 1638 res
1234 1612 1371 1649 parum
1397 1600 1554 1651 prospe-

260 1672 491 1713 raefuerunt.
519 1668 749 1719 Calpurnius
766 1665 848 1705 Piso
872 1671 1022 1715 praetor‚
1040 1676 1060 1702 a
1077 1662 1261 1702 Lusitanis
1283 1662 1382 1701 duce
1405 1663 1551 1703 Punico

263 1736 413 1782 vietus,
438 1732 585 1784 aliquot
612 1729 730 1770 millia
752 1728 919 1768 militum
945 1739 1032 1765 cum
1051 1726 1234 1767 Terentio
1256 1726 1425 1765 Varrone
1448 1738 1555 1776 quae·

263 1796 363 1835 stote
385 1793 518 1834 amisit.
556 1792 688 1830 Vifftor
713 1788 875 1829 Punicus
907 1787 954 1825 ad
981 1786 1181 1825 Oceanum
1213 1783 1330 1834 usque
1361 1785 1554 1834 promovit

264 1858 370 1905 signa
383 1886 394 1902 ‚
418 1852 696 1896 concitatisque
710 1851 748 1889 in
765 1862 869 1889 arma
884 1846 1115 1887 Vettonibus
1132 1878 1142 1893 ‚
1160 1859 1292 1897 agrum
1316 1845 1554 1896 Blastophoe-

264 1920 399 1958 nicum
427 1918 505 1965 (-sic
521 1914 715 1966 appellant
738 1912 959 1963 progeniem
979 1924 1026 1950 ex
1050 1910 1178 1950 Africa
1200 1923 1267 1960 per
1292 1908 1554 1950 Hannibalem

267 1978 618 2024 transdut‘torum)
643 1977 749 2016 omni
784 1975 896 2014 clade
926 1973 1014 2013 belli
1045 1972 1222 2020 vastavit,
1246 1971 1350 2021 quod
1378 1971 1402 2010 ii
1430 1971 1552 2011 fidem

270 2041 458 2084 Romanis
486 2040 615 2079 datam
642 2037 857 2076 constanter
881 2035 1097 2073 tuebantur.

326 2101 514 2143 XXXVI.
541 2099 737 2139 Succeffus
762 2098 826 2136 iste
849 2096 978 2135 multis
1003 2097 1038 2134 S:
1067 2094 1147 2133 aliis
1181 2092 1373 2144 Hispaniae
1404 2091 1558 2143 populis

272 2164 424 2204 animos
461 2162 508 2200 ad
539 2159 804 2199 rebellandum
841 2158 944 2196 fecit.
988 2156 1125 2203 Unde,
1159 2155 1247 2204 quia
1279 2156 1442 2203 majores
1477 2155 1559 2203 jam

274 2234 407 2266 motus
430 2224 664 2263 timebantur
685 2254 695 2270 ‚
727 2221 881 2261 comitia
910 2219 1124 2259 consularia
1150 2219 1261 2257 citius
1286 2217 1442 2266 haberi,
1467 2229 1563 2255 con-

275 2287 448 2339 sulesque
477 2287 690 2337 designatos
719 2286 798 2339 (Q.
817 2283 974 2326 fulvius
995 2283 1051 2323 M.
1078 2282 1119 2325 F.
1147 2283 1202 2323 M.
1227 2283 1276 2322 N.
1301 2279 1498 2326 Nobilior,
1514 2279 1560 2320 T.

323 2408 343 2447 Ε
360 2405 515 2438 XXXIV.
532 2407 648 2449 Polyb.
666 2417 719 2447 ap.
741 2404 855 2446 Stcpb.
875 2402 1005 2434 §traha
1021 2403 1043 2434 l.
1070 2412 1120 2444 13.
1133 2400 1251 2445 Polyb.
1271 2399 1445 2445 τιμνειὶεἷ.
1461 2399 1563 2432 Diod.

269 2451 400 2494 *Pol-vl).
428 2462 498 2482 exc.
524 2450 637 2493 Legat.
664 2460 734 2483 122.
763 2449 782 2483 Ε
803 2447 944 2479 XXXV,
965 2446 1043 2477 Fasti
1061 2446 1210 2491 Capitol.
1231 2446 1308 2480 val.
1325 2445 1419 2478 Max.
1440 2454 1515 2486 2‚9.
1530 2443 1563 2479 ὅ(

280 2496 313 2537 6,
332 2506 365 2535 τ’.
388 2495 463 2529 Liv.
484 2494 573 2539 Epir.
588 2494 657 2529 Jul.
682 2492 808 2539 Obseq.
827 2492 916 2537 App.
935 2491 1076 2536 Hispan.
