1673 3052
276 197 329 247 52
627 183 1200 233 T1T1L1vl1

270 299 394 346 erat,
416 305 472 335 eo
495 288 741 336 accuratius
761 289 975 352 agebant,
993 290 1095 353 quia
1125 293 1323 340 minores
1345 290 1561 340 secuturae

273 361 496 424 majorum
530 362 842 409 auctoritatem
880 376 1022 411 erant.
1072 365 1243 411 Rhodii
1280 365 1464 412 maximi
1501 365 1560 413 ad

273 434 429 479 omnia
457 434 677 479 momenti
705 433 1003 493 habebantur,
1025 436 1131 498 quia
1152 453 1247 483 non
1275 436 1427 486 favere
1455 449 1559 485 tan-

274 515 404 562 tum,
432 504 503 551 sed
532 504 747 566 adjuvare
778 506 913 553 etiam
944 506 1115 555 viribus
1143 507 1227 556 suis
1253 510 1420 557 bellum
1455 522 1563 572 pot-

275 590 437 633 erant,
474 577 762 640 quadraginta
803 577 996 626 navibus
1035 579 1216 626 auctore
1255 580 1561 644 Hegesilocho

276 649 558 709 comparatis.
598 650 704 709 qui,
734 666 835 696 cum
866 650 911 695 in
939 650 1111 697 summo
1150 650 1405 715 magistratu
1433 651 1563 711 effer,

270 719 298 782 (
312 720 530 783 Prytanin
558 720 637 782 ipfi
670 721 867 784 vocant)
883 721 1038 767 multis
1068 721 1318 770 rationibus
1346 723 1561 786 pervice-

274 805 343 838 rat
363 791 593 850 Rhodios,
613 804 685 848 ut,
707 793 866 840 omissa
881 829 894 851 ‚
915 810 1049 856 quam
1069 794 1180 856 saepe
1207 810 1366 843 vanam
1387 795 1563 859 experti

273 866 413 913 effent
426 901 442 922 ,
461 882 613 928 regu-m
636 864 944 912 fovendorum
974 865 1047 928 spe
1063 902 1076 923 ,
1094 867 1347 915 Romanam
1372 869 1560 916 societa-

273 949 365 984 tem
388 936 551 1001 (unam
579 950 676 984 tum
702 937 747 983 in
774 937 903 984 terris
934 938 1007 984 vel
1033 938 1229 996 viribus,
1258 940 1335 987 vel
1362 940 1448 987 fide
1473 939 1563 987 sta-

275 1008 450 1074 bilem.)
470 1009 727 1057 retinerent.
748 1013 912 1057 Bellum
939 1015 1148 1059 imminere
1177 1031 1268 1059 cum
1290 1015 1436 1075 Perseo
1453 1032 1468 1060 :
1489 1018 1561 1060 de-

267 1083 522 1148 sideraturos
570 1084 790 1128 Romanos
833 1087 1003 1128 eundem
1045 1090 1237 1130 navalem
1278 1102 1562 1146 apparatum,

277 1174 392 1214 quem
420 1174 549 1212 nuper
567 1157 795 1208 Antiochi,
814 1173 928 1214 quem
949 1156 1143 1216 Philippi
1171 1171 1266 1202 ante
1295 1158 1398 1203 bello
1425 1159 1564 1218 νιίίὶ]ὲ

265 1227 379 1288 sent.
412 1227 687 1285 trepidaturos
705 1243 790 1271 tum
809 1243 961 1285 repente
974 1231 1174 1288 paranda
1199 1226 1336 1292 claffi,
1356 1247 1448 1274 cum
1465 1234 1564 1275 mic-

275 1301 401 1344 tenda
426 1295 540 1360 effen
567 1300 614 1341 ni
633 1316 647 1340 ι
679 1298 827 1355 reficere
851 1315 1000 1355 naves,
1021 1300 1105 1361 nisi
1131 1301 1318 1366 itfiruere'
1338 1304 1564 1347 navalibus

267 1372 402 1431 sociis
433 1366 643 1431 coepifflmt.
674 1372 730 1413 ld
755 1388 799 1414 eo
825 1373 960 1430 magis
988 1371 1095 1430 enzfi
1113 1370 1360 1428 faciendum
1392 1370 1488 1437 effi,
1518 1390 1565 1420 ut

278 1446 456 1489 crimina
487 1445 624 1487 delata
644 1444 696 1486 ab
729 1444 918 1487 Eumene
933 1443 1023 1501 fide
1054 1462 1183 1489 rerum
1213 1443 1444 1502 refellerent.
1479 1446 1562 1494 His

278 1515 481 1572 incitati,
503 1515 793 1579 quadraginta
810 1513 992 1562 navium
1012 1514 1184 1562 claffem
1206 1515 1462 1564 instructam
1482 1534 1563 1565 or-

278 1601 520 1650 natamque
552 1586 705 1650 legatis
741 1587 959 1633 Romanis
994 1588 1358 1647 advenientibus,
1389 1600 1439 1635 ut
1467 1607 1563 1639 non

278 1660 573 1722 exspecratam
590 1658 950 1705 adhortationem
974 1659 1056 1705 ess'e
1076 1672 1335 1722 appareret,
1351 1660 1564 1709 ostende·-

278 1746 399 1780 runt.
434 1735 489 1779 Et
518 1733 613 1779 haec
632 1732 795 1794 legatio
816 1749 1025 1796 magnum
1045 1733 1099 1779 ad
1122 1733 1434 1781 conciliandos
1463 1737 1569 1783 ani-'

277 1823 378 1854 mos
399 1804 631 1852 civitatum
642 1805 753 1851 Afiae.
770 1818 1050 1851 momentum
1069 1806 1168 1852 fuit.
1190 1806 1426 1853 Decimius
1445 1825 1561 1857 unus

276 1879 368 1926 fine
404 1879 500 1926 ullo
533 1878 712 1929 effectu,
747 1891 974 1940 captarum
1010 1879 1142 1926 etiam
1180 1879 1470 1940 pecuniarum
1505 1883 1561 1929 ab

277 1951 456 2014 regibus
502 1951 767 2015 lllyriorum
815 1950 1066 2013 suspicione
1115 1952 1292 1999 infamis
1312 1987 1328 2012 ,
1366 1953 1562 2002 Romam

275 2024 423 2071 rediit.
905 2044 914 2052 *
1039 2073 1041 2086 Ι

340 2100 501 2145 XLVI.
539 2096 747 2154 Perseus,
777 2113 877 2143 cum
910 2115 933 2144 a
971 2095 1211 2162 colloquio
1242 2098 1560 2150 Romanorum

275 2171 326 2218 in
353 2169 668 2216 Macedoniam
696 2169 924 2231 recepisti-et
949 2169 1056 2227 sese,
1088 2170 1256 2234 legatos
1289 2173 1482 2221 Romam
1504 2176 1561 2223 de

276 2240 500 2290 inchoatis
521 2260 621 2289 cum
643 2243 819 2290 Marcio
839 2242 1177 2290 conditionibus
1208 2245 1328 2306 pacis
1348 2246 1487 2293 misit:
1509 2249 1562 2295 δι

277 2314 545 2379 Byzantium
573 2317 622 2362 &
642 2317 857 2361 Rhodum
887 2315 1036 2362 literas
1070 2317 1225 2379 legatis
1254 2318 1454 2367 ferendas
1483 2321 1561 2366 de-

279 2390 356 2435 dit.
379 2392 428 2435 ln
448 2387 588 2434 literis
620 2389 769 2434 eadem
790 2388 1006 2435 sententia
1033 2390 1087 2435 ad
1113 2406 1270 2438 omnes
1291 2403 1413 2439 erat:
1433 2395 1561 2439 εόίίο-

276 2466 470 2524 cuturus}
487 2483 577 2511 cum
594 2466 881 2513 Romanorum
900 2468 1058 2528 legatis.
1090 2482 1192 2531 quae
1213 2465 1419 2526 audisset,
1437 2483 1560 2532 quae-
