1673 3052
301 203 380 252 ΙΝ
419 203 586 251 Loc,
631 202 996 249 LIB.XL1X
1048 174 1215 248 mv(
1333 218 1420 267 325

133 310 270 363 Afticae
291 313 463 364 quondam
487 311 659 364 marisqtte
685 309 840 357 domini,
854 323 929 348 cum
951 307 1126 360 vobifium
1148 309 1189 347 de
1207 308 1347 362 imperio
1363 311 1425 347 diu

128 373 367 426 certaffimus,
387 386 417 413 a⁷
433 374 599 426 Scipione
618 374 701 411 viai
713 403 724 420 ,
750 372 909 424 claffim,
929 373 1155 425 elephantos,
1179 372 1310 410 tributa
1328 373 1426 410 dedi-

127 449 219 474 mus.
245 449 312 488 per
331 437 432 474 Deos
445 435 567 487 igitur,
585 435 646 488 qui
666 447 743 473 tum-
749 433 865 487 jurati
883 435 987 486 fiant,
1007 435 1139 487 parcite
1153 434 1275 482 nobis,
1287 434 1424 486 parcite

120 499 235 551 fhmae
249 499 453 551 Scipionis,
474 514 537 547 ne,
551 500 671 552 fhcios
696 499 732 537 δ’
758 499 891 536 amicos
916 498 1092 537 Romanis
1119 497 1424 550 Carthaginienses

119 559 222 613 fore,
237 560 340 614 falso
354 560 540 614 juraverit.
575 562 700 613 Neque
721 560 812 598 enim
839 560 910 612 est,
931 561 1027 612 quod
1044 570 1162 598 contra
1185 558 1308 611 fiaedus
1333 560 1423 612 istud

124 625 400 676 peccaverimus.
416 624 574 672 tulimus,
585 623 743 662 dedimus
752 654 763 672 ‚
766 622 920 676 fecimus
930 651 943 670 ,
959 621 1149 673 omisimus,
1165 621 1340 673 quidquid
1357 619 1424 658 illo

125 685 398 739 comprehensum
401 686 491 739 ficit.
511 698 675 739 praeterea
690 687 860 738 adversus
875 697 943 723 tres
953 697 1046 737 reges
1058 712 1069 729 ,
1082 685 1172 722 duos
1183 683 1421 730 Macedonia,

127 760 236 785 unum
249 749 374 800 Syriae,
387 748 489 786 vobis
501 747 643 786 auxilia
655 747 819 799 misimus.
836 757 944 799 neque
957 746 1217 798 reprehendatis
1231 775 1242 792 ‚
1268 761 1281 783 z
1296 758 1424 798 repete,

128 822 204 860 quae
228 824 340 862 nuper
359 810 462 848 etiarn
485 810 575 848 dibla
590 811 677 862 sunt
688 839 701 856 ,
725 822 802 847 cnm
827 822 851 845 a
872 807 976 845 nobis
999 821 1098 845 arma
1113 806 1383 858 postularentur.
1475 845 1484 852 ,

198 868 331 911 XIX„
348 871 526 922 Loquaces
551 869 693 922 miseriae
711 868 882 920 faciunt:
911 868 947 907 6³
972 867 1011 906 in
1034 881 1089 906 ore
1103 865 1303 920 supplicum
1330 865 1419 918 quid

124 930 289 968 validius
315 929 376 982 effi
399 930 712 968 commemoratione
730 929 900 981 foederum
924 929 1068 981 potest?
1103 940 1167 965 aut
1186 929 1236 965 ad
1261 941 1334 980 quae
1351 942 1418 979 po-

124 993 199 1030 tius
217 1004 417 1045 argumenta
441 991 621 1045 confligere
639 1006 705 1030 nos
731 1006 862 1044 aequum
881 992 943 1045 est,
968 992 1029 1044 qui
1053 991 1173 1028 horum
1200 991 1332 1029 intuitu
1354 1005 1418 1028 νο-

123 1054 182 1091 bis
210 1054 376 1106 potentiae
401 1055 518 1107 noflrae
545 1054 738 1106 viriumque
763 1054 986 1106 instrumenta
1018 1052 1231 1091 tradidimus
1245 1054 1267 1091 ,Ρ
1291 1053 1344 1091 Et
1360 1054 1416 1104 stc

123 1115 260 1168 quidem
282 1128 397 1155 vetera
422 1116 576 1164 habent,
603 1130 746 1168 quorum
774 1116 877 1153 nobis
893 1116 1045 1168 sponsor
1075 1114 1196 1167 Scipio
1210 1115 1290 1167 ficit
1312 1131 1323 1154 :
1351 1115 1415 1152 ho-

124 1191 198 1216 rum
218 1193 296 1218 vero
324 1179 506 1218 recentium
529 1181 710 1231 pac‘lorum
732 1181 885 1217 aut‘lores
904 1179 1073 1230 iidemque
1097 1179 1192 1231 testes
1221 1178 1287 1229 ipsi
1310 1178 1390 1231 estis
1404 1210 1417 1227 ,

120 1241 291 1293 consules.
315 1241 473 1294 Petiistis
493 1241 648 1292 obstdes3
669 1240 880 1279 tradidimus
894 1239 1108 1289 lebliffi'mos:
1124 1240 1275 1292 petiistis
1288 1254 1384 1278 arma
1396 1256 1417 1288 ;

123 1303 334 1340 tradidimus
356 1303 501 1341 omnia:
539 1304 633 1354 quod
651 1318 694 1340 ne
716 1303 753 1340 in
778 1302 893 1355 captis
914 1303 1048 1354 quidem
1071 1302 1235 1349 urbibus,
1268 1302 1334 1353 nisi
1363 1303 1418 1339 ul-

121 1364 208 1402 tima
223 1363 409 1415 neceffitate
434 1376 612 1416 metuque,
633 1365 814 1403 obtinetur.
843 1364 1012 1402 Moribus
1029 1378 1135 1415 porro
1157 1363 1415 1414 consuetudini-

120 1439 185 1478 que
208 1428 373 1465 Romanae
400 1427 617 1464 credidimus.
650 1440 732 1464 nam
755 1427 790 1464 ὃ»
812 1426 962 1478 senatus
988 1425 1099 1462 literis
1115 1455 1127 1473 ‚
1148 1426 1183 1463 ὃ»
1205 1439 1271 1463 vos
1283 1427 1416 1478 senno-

120 1503 164 1526 ne
183 1489 442 1540 confirmabatis
456 1518 470 1536 ,
488 1490 571 1543 sitis
597 1489 730 1542 legibus
760 1489 902 1542 usuram
936 1488 1180 1541 Carthaginem
1196 1518 1209 1538 ,
1226 1490 1265 1539 fi
1284 1489 1414 1539 obfides

119 1553 345 1590 traderentur.

167 1619 261 1663 XX.
275 1619 434 1668 Dicetis,
449 1619 619 1672 adjeelum
628 1618 750 1672 stt-iffi,
762 1632 814 1668 ut,
824 1620 999 1671 obsidibus
1012 1621 1174 1667 traditis,
1185 1620 1220 1658 δ’
1230 1620 1323 1669 alia,
1338 1636 1416 1673 qua:

120 1684 322 1739 imperaturi
335 1682 464 1736 effetis,
472 1685 723 1736 praestarentur.
741 1695 838 1722 certe.
851 1684 919 1735 sed
939 1686 1028 1722 unde
1043 1699 1107 1723 rem
1133 1697 1205 1722 tam
1227 1686 1411 1722 incredibi-

121 1750 188 1788 lem
210 1747 475 1801 conjiceremus,
494 1760 533 1785 ut
546 1778 558 1796 ,
576 1762 678 1800 quam
711 1748 957 1800 Carthaginem
985 1748 1022 1784 in
1044 1748 1208 1799 petendis
1237 1748 1410 1800 obsidibus

118 1811 262 1849 liberam
280 1809 361 1862 sore
381 1809 581 1862 dixzffetis,
602 1809 680 1863 ejus
695 1809 871 1847 excidium
887 1809 1102 1860 acceffi'onem
1123 1822 1334 1862 acceptorum
1351 1811 1411 1847 ol:-

109 1873 224 1924 fidum
238 1871 377 1910 velletis
395 1871 514 1922 facere
529 1873 550 1908 ?
572 1871 760 1923 prasertim
776 1884 851 1907 cum
874 1884 919 1907 ex
940 1885 978 1908 eo
993 1883 1137 1923 tempore
1152 1882 1203 1909 tot
1218 1871 1294 1908 alia
1306 1900 1317 1919 ,
1351 1885 1409 1908 ru·

118 1943 293 1978 mentum,
315 1945 448 1978 naves,
475 1945 574 1967 arma
601 1929 825 1982 accepisti-tis.
859 1930 983 1982 quibus
1007 1931 1165 1969 omnibus
1183 1944 1319 1982 promte
1345 1946 1406 1968 ex-

118 1995 243 2033 hibitis
256 2024 267 2043 ,
281 2008 356 2032 cum
367 1994 448 2048 jam
467 1996 545 2046 sive
559 1995 679 2032 delic‘lo
701 1994 812 2046 nost-ro
825 2024 837 2042 ‚
852 1995 931 2046 five
955 1993 1148 2045 infortunio
1164 1992 1412 2045 ,fiztisfletmz

117 2058 180 2109 effi
192 2069 419 2109 putaremus,
439 2058 504 2095 hoc
529 2058 615 2096 adeo
641 2057 798 2095 acerbum
822 2057 857 2095 δ’
875 2057 964 2109 triste
988 2058 1165 2110 imperium
1188 2058 1345 2105 additis,
1370 2071 1410 2095 ut

121 2121 299 2172 Carthago
326 2122 494 2160 diruatur.
529 2123 646 2172 Quam
665 2120 819 2174 profec‘lo
831 2123 871 2173 fi
890 2122 993 2160 vohis
1017 2134 1162 2160 evertere
1178 2121 1244 2173 fhs
1268 2123 1332 2174 est,
1349 2122 1408 2174 qui

109 2182 273 2235 poteritis
299 2182 452 2221 libertati
483 2183 677 2236 legibusque
694 2186 776 2237 fitis
806 2184 992 2237 relinquere
1007 2216 1019 2234 ,
1044 2186 1325 2238 quemadmodum
1344 2184 1408 2235 fiz-

116 2247 231 2281 &uros
251 2242 467 2296 affirmatis?
496 2246 549 2282 Et
573 2245 645 2283 haec
667 2246 801 2297 quidem
826 2259 942 2294 erant,
965 2261 1037 2299 quae
1060 2259 1130 2284 tum
1154 2248 1196 2284 de
1213 2247 1322 2298 priori
1341 2246 1406 2297 fixa

116 2307 193 2343 dere
205 2336 215 2353 ,
231 2317 302 2343 tum
319 2307 358 2344 de
365 2308 525 2359 praesenti
537 2338 549 2355 ‚
563 2308 761 2347 diceremus.
786 2310 927 2361 quodsi
946 2323 1025 2346 vero
1040 2323 1082 2345 ne
1103 2309 1172 2347 haec
1193 2309 1326 2359 quidem
1348 2324 1409 2345 ,ι-ἰ-

116 2368 191 2405 dire
203 2366 383 2418 fitslinetis
396 2397 408 2416 ,
430 2368 620 2406 omittimus
634 2399 648 2415 ‚
668 2369 857 2410 omittimus
877 2370 996 2408 omnia
1007 2385 1023 2419 ,-
1047 2370 1204 2422 quodque
1224 2383 1332 2407 unum
1353 2384 1402 2407 rc-

161 2498 187 2543 §
206 2497 328 2533 XVIII.
341 2497 484 2533 Diodor.
507 2499 653 2546 Appiam

1053 2564 1098 2609 Χ
1130 2581 1154 2627 3
