1673 3052
262 207 351 259 152
619 188 1182 237 T1T1L1VI1

257 300 411 348 muitis
441 299 637 347 millibus
664 288 938 346 armatorum
965 297 1069 344 affis
1099 313 1155 344 ex
1186 312 1236 343 ea
1255 293 1472 360 regione,
1494 294 1543 344 in

258 391 393 438 quam
432 373 581 419 miffus
613 384 732 431 erat,
765 372 1020 418 adventare.
1053 371 1133 435 qui
1169 371 1406 434 postquam
1436 386 1544 418 eva·

260 448 358 494 nuit
378 463 566 504 rumor,
602 446 738 492 tertio
765 444 866 508 post
897 445 967 490 die
987 462 1149 492 navem
1180 445 1367 492 eandem
1386 443 1542 491 secun-

259 518 321 564 do
342 518 462 564 amni
486 518 701 564 Scodram
720 516 914 563 demisit:
942 516 1255 581 praemiffisque
1277 515 1445 563 nuntiis
1459 550 1473 573 ,
1493 525 1545 562 ut

259 592 340 638 fibi
358 592 610 654 appeliandi
629 590 836 654 praetoris
857 589 1047 652 potestas
1067 587 1194 636 fieret
1207 625 1223 646 ‚
1252 588 1385 652 copia
1406 586 1545 645 faeta,

259 666 307 712 in
341 665 478 711 castra
500 665 638 711 venit.
671 666 727 711 Et
751 663 1026 726 principium
1054 661 1274 709 orationis
1293 661 1348 708 ab
1367 659 1545 708 accusa-

259 739 390 785 tione
424 737 617 783 stultitia:
646 736 771 783 orsus
805 735 920 793 suae,
947 735 1175 798 postremo
1206 735 1262 781 ad
1290 749 1444 796 preces
1476 733 1544 779 la-

262 812 509 875 crimasque
541 811 725 868 effusus,
765 811 950 874 genibus
983 810 1190 874 praetoris
1227 808 1432 856 accidens
1453 842 1468 865 ‚
1496 806 1546 854 in

261 885 526 950 potestatem
553 884 640 930 sese
671 884 805 931 dedit.
834 883 1012 941 Primo,
1045 883 1216 929 bonum
1245 880 1439 928 animum
1463 879 1545 926 ha-

263 961 368 1007 bere
391 959 554 1017 jussus,
589 957 642 1003 ad
675 974 852 1004 coenam
887 956 1018 1003 etiam
1046 955 1286 1010 invitatus,
1318 954 1363 999 in
1389 952 1545 998 urbem

266 1031 323 1078 ad
354 1030 456 1076 suos
497 1028 661 1083 rediit,
696 1029 745 1074 ὅ(
783 1044 883 1074 cum
921 1038 1113 1089 praetore
1150 1042 1206 1072 eo
1247 1025 1317 1071 die
1351 1022 1546 1070 honori-

264 1103 350 1150 fice
378 1101 439 1147 est
474 1100 711 1163 epulatus:
738 1099 898 1145 deinde
937 1098 982 1144 in
1022 1097 1269 1145 custodiam
1303 1097 1354 1143 C.
1392 1095 1545 1142 Cassio

263 1177 454 1224 tribuno
492 1173 684 1219 militum
725 1171 944 1229 traditus,
977 1171 1059 1219 vix
1106 1169 1373 1235 gladiatorio
1416 1183 1547 1215 acce-

264 1264 350 1314 pto
373 1249 528 1295 decem
552 1245 728 1293 talentis
747 1245 800 1290 ab
821 1261 922 1308 rege
945 1260 1051 1303 rex,
1066 1255 1114 1290 ut
1133 1242 1179 1289 in
1198 1259 1296 1289 eam
1316 1240 1546 1288 fortunam

264 1324 496 1371 recideret.

347 1396 542 1442 XXXII.
577 1392 796 1450 Anicius,
834 1392 1001 1440 Scodra
1035 1402 1242 1455 recepta,
1279 1390 1392 1438 nihil
1424 1390 1546 1455 prius

266 1486 397 1532 quam
418 1465 653 1529 requisitos
671 1466 894 1513 Petillium
913 1468 1270 1528 Perpernamque
1296 1464 1468 1527 legatos
1488 1463 1546 1510 ad

268 1542 312 1588 se
333 1540 458 1596 duci,
476 1538 605 1598 justit.
635 1537 798 1601 quibus
820 1537 1053 1600 splendore
1084 1535 1163 1584 suo
1191 1535 1420 1592 restituto,
1444 1535 1549 1581 Per-

268 1630 453 1676 pernam
485 1610 714 1673 extemplo
742 1610 879 1657 mittit
896 1610 948 1656 ad
971 1608 1420 1672 comprehendendos
1437 1606 1548 1653 ami-

267 1704 349 1734 cos
372 1685 676 1749 cognatosque
695 1685 832 1748 regis:
854 1684 954 1748 qui,
975 1684 1271 1740 Medeonem‚
1291 1679 1548 1728 habeatium

267 1760 410 1823 gentis
438 1759 590 1805 urbem
609 1794 621 1815 ‚
640 1757 864 1821 profectus
883 1792 896 1814 ‚
923 1756 1126 1804 Etlevam
1156 1770 1348 1802 uxorem
1369 1770 1470 1800 cum
1490 1751 1548 1799 fi-

267 1834 339 1879 liis
370 1833 546 1878 duobus
562 1868 576 1889 ,
597 1830 865 1878 Scerdilaedo
885 1830 1182 1892 Pleuratoque
1199 1863 1211 1884 ,
1243 1828 1293 1874 &
1311 1827 1544 1883 Caravan-

269 1908 382 1952 tium
415 1904 592 1951 fratrem
625 1903 834 1950 Scodram
868 1902 1078 1957 itt-castra
1097 1899 1296 1948 adduxit.
1331 1897 1551 1956 Anicius,

271 1979 393 2025 bello
422 1978 580 2041 Illyrio
607 1977 719 2023 intra
748 1975 925 2040 triginta
955 1975 1046 2021 dies
1077 1973 1304 2036 perstem,
1338 1971 1549 2019 nuntium

269 2052 477 2100 vifioriae
494 2054 759 2113 Perpernam
779 2053 972 2096 Romam
989 2047 1125 2093 mifit:
1147 2048 1195 2094 &
1215 2046 1314 2108 post
1333 2045 1423 2092 dies
1443 2061 1549 2107 pau·

272 2141 351 2172 cos
380 2123 595 2171 Gentium
617 2139 764 2185 regem
784 2120 922 2182 ipsum
945 2137 1046 2167 cum
1076 2111 1257 2182 parente
1276 2154 1290 2176 ,
1321 2117 1515 2180 conjuge
1532 2151 1549 2175 ‚

272 2215 325 2245 ac
341 2198 514 2254 liberis,
534 2213 584 2243 ac
600 2196 759 2252 fratre,
775 2195 955 2257 aliisque
975 2193 1251 2256 principibus
1270 2191 1547 2256 lllyriorum.

271 2272 377 2317 Hoc
409 2287 547 2316 unum
575 2269 740 2315 bellum
776 2268 895 2330 prius
927 2278 1226 2328 perpetratum
1246 2301 1258 2323 ‚
1286 2280 1418 2326 quam
1448 2279 1549 2310 coe-

271 2353 395 2404 ptum
410 2377 423 2399 ‚
447 2343 606 2387 Romae
625 2340 824 2387 auditum
852 2339 928 2386 est.
960 2338 1140 2398 Quibus
1161 2337 1314 2383 diebus
1332 2336 1426 2382 haec
1449 2351 1550 2397 age-

271 2415 455 2472 bantur,
469 2413 647 2460 Perseus
673 2429 857 2477 quoque
876 2412 922 2457 in
941 2427 1102 2474 magno
1117 2424 1289 2457 terrore
1306 2418 1422 2466 erat,
1437 2421 1549 2469 pro-

272 2498 371 2547 pter
393 2486 635 2536 adventum
670 2485 796 2532 simul
814 2483 980 2534 AEmilii
1007 2483 1120 2533 novi
1151 2479 1376 2538 consulis,
1413 2494 1546 2543 quem
