1673 3052
285 190 827 241 HISTORlARUM
863 191 991 237 ΜΒ.
1028 184 1172 236 XLV.
1272 188 1360 252 189

69 320 146 363 per
161 317 262 362 quos
277 300 486 364 obfidione
504 299 729 359 miserrima
746 299 910 343 liberati
926 295 1073 360 efferte,
1093 312 1261 358 regnum
1273 316 1361 357 pa-

71 379 198 420 trium
207 393 337 436 prope
356 370 550 436 amiffitm
575 368 813 435 recepiffinc.
835 369 1114 432 Responsum
1135 370 1190 416 ab
1207 369 1364 416 senatu

75 445 164 492 est:
182 448 444 492 Antiochum
471 445 564 490 rec‘ie
593 460 711 503 atque
737 444 880 488 ordine
888 440 1030 505 feciſje
1044 478 1057 497 ,
1077 445 1192 503 quod
1214 444 1362 504 legatis

68 519 274 583 paruzffet
285 555 298 577 ,
312 536 553 582 gratumque
571 522 620 563 id
632 515 708 580 effe
715 518 890 578 senatui
900 521 1133 577 populoque
1150 519 1362 564 Romano.

75 593 274 656 Regibus
298 593 507 657 AEgypti‚
529 592 778 637 Ptolemaeo
811 591 1158 652 Cleopatraeque
1179 588 1365 654 :siquid

70 685 148 727 per.
165 669 216 728 se
233 668 334 713 boni
352 668 634 726 commodique
661 662 868 726 eveniffizt,
889 667 938 708 id
965 681 1205 723 magnopere
1231 665 1365 723 sena-

77 754 163 788 tum
180 743 311 785 laecari
321 759 336 785 :
353 743 621 799 daturumque
635 755 798 798 operam
813 771 826 792 ,
845 752 891 782 ιιι
908 739 1021 798 regni
1030 737 1107 795 sui
1122 737 1362 782 maximum

65 812 229 872 semper
251 812 485 874 praefiditcm
507 812 690 875 positum
723 808 796 873 effi
827 813 872 855 in
889 811 976 868 fide
995 812 1145 870 populi
1174 812 1365 856 Romani

77 885 249 930 ducant.
272 884 635 947 Muneralegatis
664 896 712 928 ut
741 900 798 927 ex
819 881 1024 927 instituto
1045 880 1261 927 mittenda
1285 899 1365 928 cu·-

77 966 223 1010 taret,
242 954 296 1001 C.
323 953 505 1017 Papirio
527 954 708 1017 praetori
729 953 999 1000 mandatum.
1022 951 1180 998 Literae
1201 953 1364 1000 deinde

78 1025 348 1072 Macedonia
377 1026 548 1085 allatae,
570 1044 672 1090 quae
704 1025 909 1073 vifioriae
935 1024 1133 1071 laetitiam
1162 1026 1364 1088 gemina·

76 1110 205 1144 rent:
228 1100 376 1160 Persea
396 1118 521 1162 regem
540 1103 584 1146 in
608 1101 841 1167 potestatem
871 1100 1053 1159 confidis
1077 1099 1241 1162 venffl.
1271 1099 1363 1145 Di·

66 1170 213 1236 *miffis
236 1171 391 1236 legatis
406 1205 421 1229 ‚
445 1172 735 1235 disceptatum
767 1171 884 1218 inter
911 1170 1093 1218 Pisanos
1119 1171 1366 1218 Lunenses-

78 1261 168 1306 que
186 1244 356 1307 legatos
378 1262 389 1292 :
409 1244 571 1291 Pisanis
597 1245 914 1308 querentibus,
935 1260 1044 1308 agro
1067 1243 1108 1290 se
1134 1261 1158 1291 a
1185 1244 1366 1292 colonis

78 1316 298 1364 Romanis
320 1317 457 1381 pelli3
479 1318 755 1365 Lunensibus
784 1317 1135 1376 affirmantibus,
1161 1323 1262 1364 eum
1276 1354 1290 1376 ‚
1312 1318 1366 1365 de

76 1404 173 1451 quo
193 1402 348 1453 agatur
362 1425 376 1448 ‚
396 1407 419 1436 a
437 1389 688 1437 triumviris
707 1407 860 1454 agrum
882 1389 961 1436 fibi
987 1390 1247 1453 affignatum
1267 1390 1367 1439 effe.

80 1463 266 1510 Senatus
279 1500 295 1522 ,
315 1464 392 1528 qui
411 1465 465 1511 de
482 1463 646 1511 finibus
671 1465 1000 1528 cognoscerent
1016 1463 1366 1528 statueremque,

80 1538 411 1601 quinqueviros
436 1537 573 1597 mifit,
592 1540 653 1598 Q.
680 1539 864 1585 Fabium
886 1540 1134 1585 Buteonem
1151 1574 1165 1596 ‚
1183 1539 1229 1584 Ρ.
1247 1540 1366 1586 Cor-

80 1610 252 1657 nelium
283 1609 563 1668 Blafionem,
597 1611 671 1657 Ti.
710 1612 1026 1674 Sempronium
1065 1610 1293 1668 Muscam,
1319 1614 1368 1657 L.

79 1686 291 1733 Naevium
310 1685 524 1742 Balbum,
543 1684 596 1731 C.
617 1683 891 1747 Appulejum
910 1682 1216 1729 Saturninum.
1235 1685 1291 1728 Et
1310 1683 1366 1729 ab

81 1762 283 1807 Eumene
299 1761 349 1807 &
365 1759 421 1805 ab
439 1758 591 1806 Attalo
611 1760 661 1806 &
677 1759 731 1805 ab
749 1759 969 1805 Athenaeo
991 1757 1220 1814 fratribus,
1240 1773 1365 1803 com·

81 1835 229 1902 munins
249 1833 414 1896 legatio
434 1834 488 1879 de
508 1833 700 1880 vi&oria
720 1834 988 1897 gratulatum
1012 1832 1152 1878 venit.
1172 1834 1229 1878 Et
1250 1831 1368 1878 Mas-

81 1907 229 1971 gabae,
244 1906 356 1970 regis
373 1905 604 1952 Masmiffae
626 1905 748 1964 filio,
766 1906 963 1952 Puteolis
984 1922 1149 1953 navem
1170 1905 1339 1968 egresso
1351 1941 1366 1963 ,

83 1979 247 2043 praesto
274 1978 384 2035 fuit,
405 1978 589 2025 obviam
620 1977 768 2024 missus
794 1995 898 2025 cum
925 1978 1142 2040 pecunia,
1167 1982 1215 2024 L.
1235 1979 1365 2023 Man·

81 2053 169 2100 lius
192 2049 413 2114 quaestor,
431 2050 512 2113 qui
533 2051 725 2095 Romam
749 2066 851 2096 eum
879 2049 1066 2111 publico
1094 2048 1239 2096 sumtu
1268 2062 1369 2110 per‘-

24 2148 27 2149 ⁷
82 2126 283 2171 duceret.
317 2121 592 2168 Advenienti
623 2122 855 2184 extemplo
884 2121 1057 2168 senatus
1075 2122 1203 2168 datus
1224 2120 1299 2167 est.
1330 2124 1369 2167 Is

82 2194 343 2241 adolescens
382 2193 442 2240 ita
474 2193 652 2240 locutus
695 2192 756 2240 est
770 2229 783 2251 ‚
815 2205 863 2239 ut
879 2228 893 2251 ‚
930 2209 1033 2255 quae
1070 2193 1201 2239 rebus
1243 2205 1367 2255 grata

86 2277 211 2314 erant
228 2301 244 2323 ,
270 2266 471 2329 [gratiora
514 2265 667 2312 verbis
709 2265 890 2312 faceret.
934 2264 1335 2311 Commemoravit
1353 2299 1369 2321 ‚

84 2355 183 2402 quot
201 2343 359 2400 pedites
379 2341 599 2401 equitffqtce
612 2370 627 2395 ,
649 2357 745 2400 quot
769 2340 1004 2399 elephantos
1020 2373 1034 2394 ,
1055 2354 1253 2398 quantum
1268 2337 1368 2395 sm·

88 2415 213 2457 menti
242 2430 286 2456 eo
304 2415 575 2471 quadriennio
591 2413 824 2473 paterfitzcs
843 2415 888 2457 in
905 2412 1204 2457 Macedoniam
1232 2409 1368 2472 mzfis-

80 2488 159 2546 set.
189 2488 274 2530 Sed
291 2487 397 2531 duas
426 2503 485 2532 ees
513 2486 547 2531 ei
565 2487 700 2531 rubori
707 2480 834 2544 fuzJffe
851 2500 866 2528 .·
888 2501 1014 2528 unam
1031 2518 1045 2540 ,
1075 2485 1183 2542 quod
1196 2479 1369 2544 rogaffic
