1673 3052
295 207 835 257 fflsTomARUM
869 206 995 257 ΠΒ.
1029 209 1187 256 XLIII.
1274 222 1363 271 107

82 311 146 361 ibi
175 313 479 365 Macedonum
515 325 635 372 erat,
669 330 773 361 cum
803 313 955 361 multis
990 311 1258 362 vulneribus
1295 328 1366 360 re-

83 383 263 447 pulsus,
282 385 574 450 Lychnidum
601 385 755 448 copias
781 385 974 433 reduxit.
1011 385 1119 433 Inde
1140 384 1242 448 post
1271 384 1366 433 dies

81 473 252 521 paucos
271 459 338 506 M.
351 458 626 507 Trebellium
647 460 954 524 Fregellanum
991 477 1091 507 cum
1125 459 1224 508 satis
1254 459 1367 507 vali·

83 530 139 579 da
161 549 297 580 manu
315 532 363 579 in
390 532 592 581 Penestas
620 534 736 581 mifit
766 535 820 582 ad
846 535 1020 582 obfides
1050 535 1107 582 ab
1138 534 1207 581 his
1236 534 1368 581 urbi-

82 606 198 664 bus,
227 624 328 671 quae
358 608 403 655 in
436 609 630 656 amicitia
659 626 762 657 cum
782 609 868 656 fide
898 609 1263 672 permanserant,
1294 626 1367 657 ac-

82 677 329 741 cipiendos.
360 681 609 729 Procedere
643 682 776 729 etiam
808 683 854 729 in
880 683 1119 730 Parthinos
1157 681 1218 747 (ii
1251 699 1368 747 quo-

81 766 170 814 que
211 751 386 801 obfides
424 753 528 800 dare
565 753 860 819 pepigerant)
899 754 1046 816 juffit:
1088 755 1143 801 ab
1177 767 1368 818 utraque

81 836 215 888 gente
235 825 325 873 fine
343 827 534 874 tumultu
558 826 691 891 exigi.
727 827 1009 876 Penffstarum
1031 828 1205 875 obfides
1222 828 1367 891 Apol-

82 898 253 947 loniam
268 935 282 959 ,
309 900 626 958 Parthinorum
644 902 954 966 Dyrrachium
983 901 1110 966 (tum
1127 901 1368 964 Epidamni

79 972 216 1037 magis
239 973 415 1020 celebre
434 990 603 1021 nomen
623 974 796 1022 Graecis
815 973 938 1038 erat)
967 975 1093 1023 miffi.
1123 976 1209 1039 Ap.
1229 976 1368 1023 Clau-

79 1045 207 1108 dius,
244 1058 475 1110 acceptam
508 1047 555 1095 in
587 1047 775 1112 Illyrico
809 1047 1106 1112 ignominiam
1138 1049 1366 1112 corrigere

79 1118 289 1182 cupiens,
313 1120 561 1167 Phanotem
584 1120 708 1183 Epiri
738 1120 966 1168 castellum
995 1122 1181 1169 adortus
1215 1139 1367 1185 oppu-

76 1208 213 1256 gnare
229 1228 243 1252 ‚
268 1193 511 1277 ὅίέειιικίἶὶἃ
537 1194 834 1240 Athamanum
870 1194 1328 1258 Thesprotorumque
1349 1232 1365 1253 ‚

74 1280 237 1326 praeter
262 1267 519 1314 Romanum
547 1266 825 1325 exercitum,
855 1268 909 1315 ad
938 1266 1012 1315 sex
1041 1267 1182 1315 millia
1216 1268 1366 1315 homi·

75 1353 187 1384 num
218 1337 364 1389 secum
397 1339 605 1386 adduxit:
640 1356 786 1404 neque
812 1357 965 1402 operae
999 1341 1192 1403 pretium
1226 1340 1369 1398 fecit,

77 1409 244 1469 Cleva‚
265 1411 342 1474 qui
363 1410 539 1458 relictus
565 1429 587 1458 a
609 1412 768 1459 Perseo
799 1427 893 1459 erat
908 1449 922 1469 ,
944 1429 1049 1460 cum
1070 1413 1227 1461 valido
1248 1431 1368 1476 prae-

75 1483 186 1532 sidio
205 1484 485 1532 defendente.
517 1488 571 1531 Et
588 1486 789 1541 Perseus,
811 1486 856 1532 in
874 1487 1089 1533 Elimeam
1108 1486 1363 1550 profectus,

75 1559 127 1606 &
161 1558 281 1607 circa
313 1576 410 1606 eam
443 1559 644 1607 exercitu
677 1558 897 1617 lustrato,
927 1560 982 1606 ad
1019 1560 1244 1617 Stratum,
1275 1576 1366 1606 vo-

77 1631 280 1679 cantibus
310 1632 542 1695 Epirotis,
581 1632 717 1679 ducit.
758 1634 928 1679 Stratus
966 1631 1233 1679 validiffima
1269 1644 1366 1679 tum

77 1704 184 1751 urbs
201 1704 382 1752 AEtoliae
411 1717 517 1752 erat.
550 1704 628 1752 fita
648 1705 708 1751 est
729 1704 856 1767 super
875 1705 1165 1753 Ambracium
1191 1706 1332 1752 smum
1350 1741 1365 1763 ‚

74 1795 219 1842 prope
249 1796 425 1827 amnem
444 1779 711 1827 Acheloum.
742 1781 858 1826 Cum
880 1781 1034 1828 decem
1055 1780 1253 1827 millibus
1286 1797 1364 1843 pe-

75 1851 217 1898 ditum
245 1869 303 1899 eo
326 1851 553 1915 profeEius
573 1852 634 1898 est
654 1854 704 1899 &
725 1852 953 1915 equitibus
976 1851 1215 1900 trecentis:
1247 1869 1364 1915 quos

75 1923 312 1986 pauciores
340 1937 525 1988 propter
549 1924 767 1988 angustias
795 1924 974 1972 viarum
1005 1927 1054 1974 &
1083 1925 1362 1988 asperitatem

75 1996 218 2044 duxit.
252 1996 411 2044 Tertio
439 1997 508 2043 die
533 2013 635 2044 cum
663 1996 934 2060 pervenisset
959 1997 1013 2043 ad
1031 1997 1201 2045 Citium
1227 2014 1365 2045 mon-

74 2083 164 2116 tem
183 2106 197 2129 ‚
231 2069 314 2116 vix
345 2070 627 2134 transgreffus
656 2082 844 2133 propter
882 2070 1167 2118 altitudinem
1210 2071 1360 2129 nivis,

73 2141 227 2189 locum
248 2160 432 2207 quoque
452 2143 602 2191 castris
622 2161 734 2208 aegre
753 2143 943 2191 invenit.
973 2144 1207 2192 Profectus
1226 2144 1329 2190 inde
1345 2181 1359 2199 ,

73 2216 212 2278 magis
232 2216 336 2280 quia
365 2233 544 2264 manere
566 2233 658 2263 non
680 2227 888 2279 poterat,
921 2233 1055 2280 quam
1084 2218 1209 2281 quod
1240 2217 1358 2265 tol<-

71 2290 223 2336 rabilis
245 2302 319 2337 aut
340 2290 414 2338 via
429 2302 504 2338 aut
523 2289 754 2353 tempestas
771 2289 897 2348 esset,
912 2307 1012 2337 cum
1028 2290 1197 2353 ingenti
1222 2307 1321 2336 vex:
1341 2316 1362 2328 -

72 2363 227 2422 tione,
262 2363 491 2426 praecipue
519 2364 853 2426 jumentorum,
883 2365 1027 2411 altero
1055 2365 1124 2410 die
1158 2365 1212 2411 ad
1240 2378 1296 2411 tex
1333 2389 1359 2401 ·

73 2435 194 2498 plum
223 2436 382 2494 Jovis,
409 2452 540 2499 quem
561 2436 765 2483 Nicaeum
796 2448 993 2494 vocant,
1027 2437 1176 2499 posuit
1202 2436 1354 2483 castra.

74 2508 141 2554 Ad
158 2507 434 2555 Arachthum
462 2507 566 2554 inde
596 2506 763 2553 flumen
785 2543 798 2563 ‚
828 2507 988 2555 itinere
1007 2510 1177 2573 ingenti
1202 2526 1359 2557 emen·
