1673 3052
270 218 366 273 '424
433 207 1072 260 JO.FRE1NsHEM11
1118 205 1473 255 SUPPLEM.

270 319 572 366 cumcursitans‚
597 319 633 357 δι
653 322 894 356 armatorum
918 313 1091 354 custod-ia
1117 313 1352 355 metentibus
1373 313 1561 366 appofita.

272 382 387 424 Hanc
409 383 515 421 enim
543 379 784 431 diligentiam
808 391 830 418 a
852 369 961 429 patre
983 376 1115 418 Paullo
1129 408 1139 423 ,
1161 377 1378 418 cautissimo*
1398 379 1563 428 impera-

270 452 375 491 tore,
398 442 516 482 Persei
538 441 641 481 bello
667 441 866 481 didicerat.
903 440 1023 489 CuJ'us
1043 440 1161 478 etiam
1183 439 1378 480 severitate
1393 439 1434 479 in
1454 449 1564 478 tuen-

272 506 322 545 da
348 505 504 544 militari
530 502 731 555 disciplina
756 503 870 551 usus,
894 500 1137 542 clarissimam
1161 504 1301 543 exinde
1329 503 1476 542 famam
1502 514 1561 542 re-

272 566 459 618 portavit.

326 627 538 668 XXXVII.
570 627 646 668 Sed
674 628 715 666 in
736 627 833 666 urbe
859 627 901 667 C.
925 627 1097 667 Licinius
1127 626 1275 667 Crassus
1302 628 1480 668 tribunus
1501 625 1565 666 le-

274 703 362 741 gem
389 688 646 740 promulgavit
658 719 669 737 ,
690 690 741 728 uti
753 689 952 743 sacerdotes
968 704 1054 738 non,
1072 701 1111 728 ut
1122 702 1240 737 antea,
1259 691 1475 743 coaptatione
1496 689 1568 728 col-

274 753 427 805 legarum
442 783 452 800 ‚
465 753 533 806 sed
542 751 727 805 firffiagiis
743 751 895 790 tribuum
916 765 1121 792 crearentur.
1143 752 1233 792 Erat
1247 751 1363 803 plane
1376 751 1567 804 populare

273 814 368 866 legis
395 821 690 865 argumentum:
720 813 859 864 populi
892 815 996 854 enim
1028 814 1257 854 beneficium
1284 814 1428 863 fiebat,
1457 814 1563 865 quod

275 876 462 915 haetenus
486 878 526 915 in
556 875 743 925 potestate
770 875 897 914 fuerat
929 887 1154 926 paucorum.
1185 877 1275 916 Non
1293 875 1480 926 *placebat
1504 887 1565 914 res

276 939 450 986 senatui,
482 940 595 986 cujus·
631 938 673 976 in
706 937 984 976 contumeliam
1025 938 1229 985 tribunus,
1262 944 1413 976 mutato
1447 936 1565 975 veteri

274 1012 409 1048 more,
438 1012 517 1039 non
549 1000 590 1038 in-
616 998 760 1038 curiam
786 999 821 1038 &
850 999 1079 1045 comitium,
1104 997 1170 1037 sed
1193 1000 1235 1038 in
1264 998 1394 1038 forum
1413 996 1565 1046 versus,

276 1075 387 1113 agere
421 1059 890 1112 cumspopuloinstituit..
922 1059 1099 1100 Diffuafit
1125 1059 1249 1111 legem
1272 1059 1316 1100 C.
1341 1058 1479 1099 Laeli-us
1501 1059 1566 1099 Sa-

276 1126 386 1176 piens
413 1133 577 1176 praet013
605 1123 804 1175 nobilique
824 1123 999 1163 oratione
1027 1122 1257 1174 religionem
1288 1124 1424 1172 injecit
1443 1135 1567 1173 popu-

276 1188 342 1236 lo,
368 1189 391 1228 fi
424 1189 516 1239 quid
544 1188 585 1226 in
609 1187 722 1226 rebus
747 1188 795 1226 ad
815 1182 975 1226 lenitum·
1001 1186 1168 1226 Deorum
1199 1185 1482 1236 pertinentibus
1509 1193 1566 1224 te-

277 1264 382 1291 mere
408 1258 628 1290 mutaretur.
659 1249 835 1290 Eundem
868 1248 1027 1288 Laelium
1054 1250 1096 1288 in·
1118 1248 1299 1299 Hispania
1321 1261 1379 1288 res
1403 1247 1566 1298 geffiffe,

279 1326 499 1365 quanquam
527 1307 725 1353 annalibus
756 1308 965 1358 exciderit,
1002 1310 1133 1360 magni
1162 1319 1295 1349 tamen
1323 1310 1487 1350 :meroris
1512 1317 1567 1349 te-

277 1377 463 1418 stimonio
487 1375 644 1414 constat.
679 1376 780 1416 Nam
807 1375 1005 1425 egregium
1026 1373 1139 1414 illum
1161 1373 1327 1414 Viriathi
1353 1373 1454 1414 bello
1478 1373 1567 1413 fuis-

276 1439 339 1488 se,
369 1439 695 1487 ferocitatemque
724 1435 825 1475 illius
856 1437 898 1477 in
929 1428 1091 1487 praetura
1124 1435 1417 1483 comminuisse,
1446 1435 1500 1474 ita
1524 1442 1566 1474 ut

279 1499 395 1540 facile
413 1498 560 1539 bellum
584 1498 742 1548 reliquis
760 1498 928 1539 traderet
943 1529 955 1548 ,
979 1498 1021 1538 in
1036 1498 1090 1540 Μ,
1107 1496 1229 1540 Tullii
1247 1497 1446 1540 Ciceronis
1459 1497 1570 1537 lucu-

280 1564 520 1604 brationibus
546 1562 731 1612 scriptum
758 1562 822 1602 est.

334 1625 560 1666 XXXVIII.
586 1624 664 1665 Sub
686 1624 769 1664 haec
791 1632 970 1675 tempora
999 1637 1145 1676 magnae
1170 1625 1309 1662 iterum
1335 1623 1566 1662 mutationes

279 1702 403 1729 rerum
431 1689 471 1726 in
490 1688 594 1738 Syria
618 1687 739 1725 fuere.
767 1685 982 1726 Alexander
997 1699 1075 1725 non
1091 1685 1248 1734 melior,
1265 1697 1380 1736 quam
1406 1697 1477 1734 pro
1500 1683 1568 1723 ob-

278 1751 458 1791 scuritate
472 1748 620 1800 generis
635 1747 689 1786 sui
703 1778 714 1795 ‚
737 1759 824 1795 rex,
848 1748 994 1787 amicos
1018 1760 1142 1798 neque
1158 1746 1256 1786 ferre
1270 1776 1283 1793 ‚
1297 1759 1422 1796 neque
1437 1757 1570 1795 regere

280 1814 473 1865 prudens,
494 1809 667 1862 pluribus
692 1809 925 1856 interfedtis,
950 1823 1067 1860 opera
1102 1809 1336 1860 reliquorum
1363 1807 1565 1858 personam

282 1875 464 1926 principis
492 1874 568 1913 sine
591 1872 818 1913 auctoritate
840 1872 1056 1912 sustinebat.
1094 1873 1147 1912 Ex
1169 1870 1307 1921 quibus
1334 1871 1535 1910 Hieracem
1553 1901 1567 1919 ,

283 1940 317 1977 ἃ
345 1937 559 1977 Diodotum
592 1938 832 1986 Apamenum
848 1940 864 1987 (
880 1935 945 1985 qui
966 1935 1147 1988 deinceps
1166 1933 1234 1973 sub
1260 1934 1481 1985 Tryphonis
1502 1947 1567 1974 co-

283 2005 494 2050 gnomento
520 1997 762 2048 tyrannidem
787 1997 990 2044 exercuit)
1006 1996 1254 2036 Antiochenae
1276 1995 1360 2035 urbi
1384 1996 1566 2046 praefecit.

283 2060 471 2102 Adversus
487 2059 596 2098 hunc
613 2059 661 2097 ob
679 2058 878 2098 stultitiam
901 2058 1063 2098 invisum
1082 2058 1228 2109 populo
1249 2058 1486 2103 Demetrius,
1510 2071 1569 2097 re-

284 2135 331 2173 ge
360 2121 560 2161 Demetrio
581 2121 757 2170 genitus,
786 2120 932 2159 belluni
960 2121 1155 2160 excitavit*
1189 2119 1305 2161 Illum
1333 2132 1423 2159 cum
1451 2119 1569 2160 fratre

284 2183 480 2224 Antiocho
501 2190 606 2233 pater
631 2182 774 2232 hospiti
799 2183 944 2222 Gnidio
958 2195 1047 2222 cum
1065 2196 1205 2233 magna
1219 2183 1254 2221 vi
1273 2182 1447 2233 pecuniae
1461 2195 1567 2223 com«-

286 2247 536 2286 meruiaverat
556 2275 569 2290 ‚
598 2257 649 2283 ne
679 2244 892 2284 universam
916 2245 1078 2283 domum
1111 2242 1285 2294 periculo
1322 2243 1434 2292 belli,
1461 2244 1566 2294 quod

284 2319 373 2348 eum
394 2307 611 2348 Alexandro
626 2306 806 2358 gerebat,
829 2315 1049 2358 exponeret⁴
1073 2308 1219 2347 Audito
1240 2307 1356 2358 patris
1376 2307 1479 2347 exitu
1493 2337 1504 2355 ,
1525 2306 1565 2345 in

332 2430 354 2472 G
373 2429 641 2462 XXXV1.P111t..
664 2429 699 2462 in
716 2429 818 2462 Fabio
842 2442 870 2462 c.
892 2429 1087 2473 1.App1:m.
1122 2428 1145 2471 §
1165 2427 1512 2470 XXXV11.Venejus
1529 2436 1565 2467 2,

290 2484 317 2512 5
348 2474 405 2506 Cic
412 2475 474 2506 .in
501 2475 576 2508 Laei
572 2487 604 2507 :o
628 2487 657 2506 c.
679 2475 732 2507 26.
750 2475 858 2507 Varro
877 2475 966 2507 <lere
987 2474 1098 2506 rustic.
1129 2484 1158 2514 ι,
1183 2484 1214 2506 2.
1254 2473 1326 2505 Cic.
1353 2473 1387 2504 in
1409 2472 1560 2505 Brutoc-

332 2520 447 2551 idem
467 2520 505 2552 le
525 2528 596 2553 nat.
618 2519 721 2553 Deor.
748 2530 789 2563 3,
829 2519 953 2552 ‚Idem
974 2519 1012 2550 dc
1032 2517 1120 2551 offic.
1151 2529 1195 2559 2
1212 2528 1262 2551 ιι
1283 2517 1358 2550 [iv.
1374 2517 1467 2560 Epir
