1673 3052
283 193 381 231 ‘120
654 177 1219 232 T1T1L1vl1'

287 296 407 343 erat,
426 294 476 331 ut
497 283 573 332 vel
597 300 753 331 murus
774 283 938 347 objici,
962 286 1188 349 turresque
1209 286 1584 353 excitari‘pomea'

285 357 391 404 rint.
427 359 643 418 Quorum
677 357 787 404 nihil
824 375 928 405 cum
964 358 1216 422 dispexisset
1251 373 1413 408 caecata
1450 378 1580 410 mens

285 429 435 477 subito
469 444 670 490 terrore,
693 431 867 478 nudatis
894 432 1107 479 omnibus
1136 433 1373 496 praefidiis,
1402 433 1578 498 patefa-

285 504 451 566 &isque
476 505 624 563 bello,
645 507 699 552 ad
721 506 926 569 Pydnam
950 504 1127 568 refugit.
1464 499 1466 501 θ

351 578 449 624 Vll.
480 578 684 636 Consul,
714 579 957 640 plurimum
986 579 1034 624 &
1055 577 1248 641 praesidii
1283 580 1334 628 ὃς
1365 577 1452 642 spei
1479 595 1576 628 cer-

286 665 398 697 nens
419 650 465 695 in
488 650 672 698 stultitia
687 654 736 699 &
755 651 938 714 segnitie
958 650 1121 707 hostis,
1142 651 1321 698 remisso
1343 653 1503 701 nuntio
1522 652 1579 699 ad

286 724 360 786 Sp.
391 723 650 770 Lucretium
675 724 908 781 Lariss'am,
930 734 978 769 ut
1007 722 1210 781 castella,
1234 723 1384 771 reliCta
1411 725 1467 771 ab
1490 725 1577 771 ho-

287 795 381 854 ste,
410 796 526 843 circa
547 797 721 860 Tempe
741 811 986 860 occuparet
1004 832 1016 854 ‚
1042 796 1266 860 praemiffo
1295 796 1492 860 Popillio
1520 797 1577 845 ad
1630 819 1635 842 s

288 870 598 934 explorandos
619 874 823 920 transitus
842 873 961 931 circa
981 874 1124 920 Dium
1141 909 1155 930 ,
1173 871 1407 936 postquam
1426 888 1578 934 patere

289 947 444 1009 omnia
466 946 513 992 in
541 964 700 994 omnes
728 961 872 1011 partes
902 947 1248 1003 animadvertit,
1269 945 1469 994 secundis
1498 963 1576 994 ca·-

286 1018 385 1065 stris
414 1020 625 1082 pervenit
657 1021 712 1067 ad
740 1022 887 1068 Dium
910 1039 920 1067 τ
951 1021 1202 1083 metarique
1230 1019 1309 1066 sub
1336 1020 1432 1082 ipso
1464 1031 1577 1066 tem-

288 1087 396 1154 plo,
416 1109 472 1138 ne
500 1094 607 1156 quid
636 1092 761 1140 sacro
792 1093 840 1140 in
860 1093 968 1140 loco
996 1093 1245 1140 violaretur
1262 1127 1275 1149 ‚
1296 1091 1423 1153 juffit.
1449 1091 1541 1155 lpse
1560 1127 1579 1151 ,

288 1163 447 1210 urbem
469 1164 704 1229 ingressus,
725 1166 839 1213 sicut
860 1182 956 1213 non
977 1183 1179 1230 magnam
1195 1201 1211 1223 ‚
1231 1165 1290 1212 ita
1312 1178 1579 1212 exornatam

288 1238 482 1301 publicis
510 1240 622 1287 locis
652 1241 702 1286 &
725 1240 1011 1286 multitudine
1047 1241 1286 1286 statuarum
1302 1275 1315 1295 ,
1338 1239 1580 1285 munitam-

288 1327 379 1373 que
408 1311 607 1374 egregie,
633 1312 717 1358 vix
744 1311 844 1359 satis
875 1312 1054 1359 credere
1071 1347 1086 1369 ,
1106 1312 1152 1357 in
1175 1311 1308 1358 tantis
1328 1311 1458 1373 rebus
1484 1311 1579 1357 sine

291 1385 420 1432 causa
454 1387 619 1433 reliffis
654 1405 748 1434 non
781 1387 977 1449 aliquem
1015 1386 1180 1433 subeffe
1212 1386 1383 1433 dolum.
1423 1388 1579 1433 Unum

291 1458 410 1505 diem
444 1460 499 1506 ad
529 1461 802 1523 exploranda
840 1461 959 1507 circa
995 1458 1150 1506 omnia
1183 1471 1410 1518 moratus,
1441 1457 1579 1506 castra

290 1546 479 1582 movet:
508 1534 693 1599 satisque
716 1536 923 1593 credens,
943 1546 1140 1598 paratam
1161 1532 1379 1579 frumenti
1398 1533 1588 1596 copiam-

290 1606 393 1654 fore
413 1645 427 1666 ,
457 1625 514 1656 eo
548 1610 618 1656 die
649 1610 704 1656 ad
733 1626 910 1656 amnem
944 1610 1130 1656 nomine
1152 1608 1320 1671 >Mityn
1356 1607 1582 1670 proceffit.

289 1680 479 1727 Postero
510 1682 581 1729 die
612 1683 903 1747 progreffus‚'
922 1682 1121 1745 Agaffam
1153 1680 1340 1738 urbem,
1361 1680 1585 1739 tradenti-⁸

289 1754 376 1800 bus
403 1753 489 1800 sese
518 1753 642 1817 ipsis,
666 1755 863 1816 recepit:
890 1756 966 1811 &,
987 1766 1036 1801 ut
1061 1753 1337 1816 reliquorum
1361 1752 1581 1799 Macedo—-

289 1845 400 1874 num
427 1829 602 1875 animos
629 1829 706 1876 fibi
732 1828 1025 1885 conciliaret,
1054 1827 1281 1875 obsidibus
1312 1839 1582 1885 contentus,v

289 1899 382 1947 sine
406 1902 610 1963 praesidio
638 1901 891 1966 relinquere
920 1900 959 1946 se
979 1901 1042 1947 eis
1070 1900 1256 1959 urbem,
1273 1899 1582 1963 immunesque

290 1991 344 2020 ac
375 1973 460 2021 suis
488 1973 660 2037 legibus
691 1975 893 2021 vieturos
912 2010 926 2030 ‚
952 1974 1013 2020 est
1039 1973 1293 2034 pollicitus.'
1321 1972 1581 2036 Progressus

290 2046 396 2092 inde
429 2046 515 2093 diei
540 2046 654 2103 iter,
682 2048 738 2094 ad
757 2046 1009 2092 Ascordum
1036 2044 1206 2090 flumen
1237 2042 1386 2105 posuit
1415 2041 1580 2091 castra:

292 2120 368 2177 δέ,
386 2131 601 2182 quantum
626 2120 891 2183 procederet
913 2116 1092 2181 longius
1109 2135 1132 2163 a
1151 2116 1393 2173 Thessalia,
1414 2131 1471 2162 eo
1488 2132 1584 2161 ma·

289 2189 434 2253 iorem
471 2210 619 2240 rerum
647 2194 851 2239 omnium
887 2191 1090 2255 inopiam
1121 2190 1340 2248 sentiens,
1368 2189 1583 2253 regressus

291 2265 347 2310 ad
378 2265 520 2311 Dium
552 2265 644 2319 est3
683 2263 967 2310 dubitatione
999 2262 1213 2309 omnibus
1249 2274 1452 2318 exemta,
1472 2259 1582 2323 quid

291 2336 535 2383 intercluso
564 2337 617 2382 ab
639 2336 860 2383 Theffdlia
891 2334 1148 2397 patiendum
1175 2333 1319 2380 fuisset
1335 2369 1348 2390 ,
1371 2332 1447 2380 cui
1466 2347 1581 2394 pro-

294 2409 369 2456 cul
399 2410 501 2458 inde
524 2408 760 2457 abscedere
788 2422 933 2454 tutum
963 2423 1057 2453 non
1085 2406 1202 2455 esset.
1239 2405 1445 2462 Perseus,
1465 2421 1583 2451 con-

291 2484 437 2532 tractis
465 2483 511 2530 iu
533 2501 671 2533 unum
707 2482 918 2532 omnibus
940 2481 1087 2548 copiis
1109 2478 1408 2544 ducibusque,
1431 2477 1581 2534 incre}
