1673 3052
324 197 388 244 94
685 173 1249 227 T1Ttt1v11

325 289 546 351 diffiparet
560 325 575 347 ,
594 289 648 335 ad
670 288 823 335 urbem
846 299 1165 350 pervenerunt.
1199 287 1360 336 Crevit
1377 287 1611 354 negligen-

325 366 413 419 tia,
443 364 679 427 postquam
716 364 938 409 neminem
972 375 1191 410 armatum
1225 363 1270 410 in
1306 363 1444 411 muris
1478 364 1611 410 vide·-

322 452 442 486 runt.
471 439 682 484 Ceterum
698 474 711 492 ,
729 436 813 482 ubi'
837 436 1031 498 primum
1060 424 1139 482 sub
1159 436 1274 498 jactu
1298 438 1375 484 teli
1405 436 1612 496 fuerunt,

324 511 494 558 duabus
529 507 657 557 fimul
695 510 837 572 portis
873 509 1122 571 erumpitur
1150 510 1246 566 ;J&
1278 510 1333 556 ad
1366 509 1612 558 clamorem

322 584 655 645 erumpentium
675 582 830 646 ingens
856 581 1058 644 strepitus
1079 598 1103 627 e
1128 582 1268 629 muris
1287 595 1414 630 ortus
1431 583 1612 630 ululan-
1661 587 1663 590 ’

323 657 437 704 tium
465 656 702 702 mulierum
733 673 835 702 cum
860 655 1036 717 crepitu
1070 653 1269 718 undique
1303 654 1431 702 aeris:
1455 658 1505 704 ὅ(
1537 657 1614 704 in·-

324 730 508 778 condita
541 728 816 785 multitudo,
849 727 979 773 turba
1012 727 1215 774 immixta
1253 726 1434 787 servili,
1471 728 1612 776 variis

323 804 517 851 vocibus
554 801 834 864 personabat.
877 799 965 847 Hic
1000 811 1089 846 tam
1130 799 1369 862 multiplex
1410 801 1612 865 undique

323 874 523 937 objectus
542 886 689 920 terror
716 872 866 920 effecit
881 909 895 932 ,
917 890 972 919 ne
994 872 1203 919 sustinere
1225 873 1410 936 primam
1433 873 1614 936 procel-

323 948 411 994 lam
453 945 706 1009 eruptionis
743 945 944 992 Romani
978 945 1167 1009 pofl'ent.
1205 948 1357 1009 ltaque
1391 945 1612 1009 fugientes

320 1021 496 1086 plures,
527 1022 965 1084 quam.pugnantes,'
987 1020 1214 1066 interemti
1247 1021 1377 1068 sunt:
1406 1019 1485 1067 vix
1517 1020 1612 1066 duo

321 1094 462 1142 millia
481 1093 723 1140 hominum
745 1111 845 1140 cum
867 1093 963 1156 ipso
985 1094 1135 1157 legato
1157 1092 1204 1138 in
1234 1092 1373 1139 castra
1399 1090 1610 1156 perfuge—

322 1182 438 1217 runt.
477 1170 589 1229 Quo
627 1168 808 1231 longius
847 1168 930 1214 iter
967 1168 1014 1214 in
1046 1168 1183 1215 castra
1217 1181 1333 1224 erat,
1366 1183 1423 1214 eo
1461 1166 1611 1229 plures

322 1243 453 1292 feffos
481 1241 769 1290 consectandi
791 1240 994 1288 hostibus
1016 1241 1147 1304 copia
1173 1240 1271 1288 fuit.
1306 1242 1376 1287 Ne
1409 1253 1610 1287 moratus

321 1318 500 1383 quidem
533 1317 580 1363 in
613 1317 760 1364 castris
793 1317 993 1378 Appius,
1021 1329 1071 1362 ut
1108 1314 1210 1362 suos
1241 1315 1469 1378 diffip'atos
1504 1313 1610 1378 fuga

321 1393 586 1457 colligeret,
617 1391 753 1454 (quae
786 1408 855 1437 res
890 1388 1044 1452 palatis
1072 1406 1151 1452 per
1179 1405 1311 1452 agros
1341 1387 1468 1435 saluti
1498 1387 1610 1435 fuis-

321 1466 421 1532 set)
451 1468 506 1514 ad
545 1465 835 1531 Lychnidum
872 1463 1081 1528 protinus
1119 1462 1327 1526 reliquias
1365 1461 1501 1510 cladis
1535 1479 1610 1510 re-

320 1539 462 1585 duxit.

385 1613 467 1658 Xl.
500 1611 610 1657 Haec
643 1611 694 1657 &
721 1608 832 1666 alia,
864 1607 983 1654 haud
1019 1606 1229 1669 prospere
1262 1606 1308 1652 in
1336 1606 1610 1655 Macedonia

319 1686 460 1751 gesta,
479 1702 535 1731 ex
557 1685 659 1730 Sex.
685 1682 868 1744 Digitio
890 1681 1075 1728 tribuno
1095 1680 1290 1726 militum
1305 1717 1318 1739 ⁷
1338 1681 1418 1744 qui
1440 1679 1610 1728 sacrifi-

320 1760 381 1807 cii
404 1757 530 1805 causa
546 1758 741 1803 Romam
761 1765 947 1802 venerat
963 1789 976 1810 ‚
995 1753 1094 1799 sunt
1114 1753 1276 1800 audita.
1297 1755 1488 1816 Propter
1506 1770 1609 1816 quae

319 1830 454 1879 veriti
473 1830 649 1886 Patres,
670 1844 725 1874 ne
746 1844 846 1889 quae
868 1825 1013 1886 major
1030 1825 1283 1888 ignominia
1306 1825 1610 1888 acciperetur,

318 1907 490 1969 legatos
510 1904 556 1950 in
584 1902 898 1951 Macedoniam
916 1937 930 1957 ,
952 1903 1016 1947 M.
1047 1900 1257 1947 Fulvium
1289 1901 1528 1957 Flaccum,
1558 1903 1609 1950 &

319 1982 386 2026 M.
419 1977 664 2026 Caninium
696 1975 932 2030 Rebilum,
966 1972 1208 2028 miserunt,
1238 1972 1316 2036 qui
1349 1985 1609 2035 comperta,

320 2071 423 2118 quae
452 2062 712 2116 agerentur,
735 2048 951 2095 referrent
971 2066 980 2094 :
1000 2049 1048 2094 &c
1067 2060 1114 2093 ut
1134 2049 1186 2093 A.
1210 2047 1427 2094 Hostilius
1449 2045 1609 2095 consul

320 2125 507 2174 comitia
544 2123 802 2172 consulibus
845 2120 1136 2183 subrogandis
1177 2120 1236 2166 ita
1282 2120 1505 2179 edicerem
1539 2119 1609 2168 uti

319 2198 467 2247 mense
487 2196 699 2246 Januario
721 2194 905 2242 comitia
924 2193 1075 2239 haberi
1096 2193 1270 2254 possent
1284 2229 1298 2251 ‚
1317 2195 1365 2240 &
1390 2205 1439 2239 ut
1456 2191 1608 2255 primo

319 2287 504 2337 quoque
526 2283 730 2332 tempore
753 2269 799 2314 in
826 2268 982 2314 urbem
1009 2267 1186 2313 rediret.
1215 2256 1396 2312 Interim
1423 2267 1484 2312 M.
1501 2264 1607 2310 Rae-

319 2346 394 2392 cio
425 2343 609 2407 praetori
632 2342 910 2399 mandatum,
931 2357 979 2386 ut
1011 2340 1157 2385 editio
1192 2338 1416 2384 senatores
1447 2351 1607 2383 omnes

318 2438 374 2467 ex
399 2431 496 2465 tota
522 2417 642 2464 ltalia
671 2416 785 2480 (nifi
816 2416 893 2478 qui
921 2414 1178 2477 reipublicae
1211 2413 1339 2461 causa
1371 2409 1602 2475 abeffent)

319 2494 512 2539 Romam
531 2501 782 2541 revocaret.
804 2488 898 2550 Qui
918 2488 1077 2536 Romae
1099 2486 1234 2535 ess'ent
1246 2522 1261 2548 ‚
1281 2503 1336 2534 ne
1362 2485 1461 2550 quis
1481 2484 1599 2532 ultra
