1673 3052
268 195 806 244 fflsTofflARUM
843 194 969 241 ΜΒ.
1002 194 1142 240 xm.
1299 194 1357 257 ὃς

74 304 298 368 peditum,'
316 302 439 349 mille
457 299 662 365 equitum
676 336 690 357 ‚
711 300 766 346 ad
795 299 1028 348 consulem
1049 299 1188 346 venit.
1222 300 1365 347 Chal·-

76 379 175 426 cide
207 378 358 425 relicta
389 377 482 423 duo
513 374 653 421 millia
683 375 908 436 peditum,
934 374 1098 436 quibus
1124 374 1366 422 Athenaeus

74 450 356 514 praepofitus.
388 451 444 496 Et
461 449 547 496 alia
565 448 725 495 eodem
744 448 915 494 auxilia
939 448 1158 494 Romanis
1187 464 1242 494 ex
1263 464 1367 494 om-

75 523 206 570 nibus
232 523 435 586 undique
457 521 650 570 Graeciae
677 521 862 585 populis
886 534 1226 578 convenerunt,
1244 539 1366 585 quo-

72 614 174 644 rum
200 595 413 659 pleraque
450 593 598 659 (adeo
631 610 771 656 parva
800 593 957 656 erant)
993 593 1039 639 in
1078 594 1365 642 oblivionem

73 670 272 717 adducta.
292 668 599 731 Apolloniatae
619 680 847 714 trecentos
867 666 1065 730 equiteS,
1088 679 1269 713 centum
1291 685 1368 730 pe·

73 742 186 792 dites
214 740 439 788 miserunt.
474 740 735 788 AEtolorum
765 739 845 785 alae
873 738 1008 786 unius
1040 739 1197 796 instar,
1219 758 1367 803 quan-

74 829 172 864 tum
194 815 241 862 in
258 826 354 863 tota
371 825 503 878 gente
521 814 724 877 equitum
745 824 861 870 erat,
884 826 1103 860 venerant
1123 832 1133 860 :
1156 817 1205 862 &
1223 815 1366 861 Thes-

74 889 270 936 salorum
301 888 452 934 omnis
485 887 712 950 equitatus
741 886 962 950 separatus
1003 900 1111 935 erat.
1142 904 1237 934 non
1267 888 1368 950 plus

74 978 212 1025 quam
252 959 443 1007 trecenti
477 952 606 1006 erant
645 959 818 1022 equites
856 960 902 1006 in
945 960 1094 1008 castris
1133 960 1370 1009 Romanis.

74 1033 231 1082 Achaei
246 1032 497 1095 juventutis
527 1032 614 1079 suae
627 1067 643 1092 ‚
665 1032 853 1081 Cretico
874 1034 1071 1081 maxime
1093 1046 1263 1082 armatu
1280 1071 1294 1094 ‚
1313 1034 1369 1082 ad

75 1107 199 1155 mille
229 1106 461 1154 dederunt.

140 1180 255 1226 LVI.
284 1178 375 1225 Sub
401 1178 519 1224 idem
549 1189 724 1241 ternpus
756 1179 806 1226 ὅ(
829 1179 882 1225 C.
904 1180 1138 1227 Lucretius
1169 1192 1369 1243 praetor,·

74 1251 156 1317 qui
182 1251 377 1300 navibus
403 1263 593 1314 praeerat
623 1252 678 1298 ad
703 1251 1076 1323 Cephalleniam,
1100 1255 1164 1299 M.
1197 1256 1370 1301 Lucre-

74 1327 144 1374 tio
175 1324 312 1372 fratre
333 1341 435 1372 cum
453 1325 582 1371 classe
603 1324 734 1386 super
754 1325 946 1372 Maleam
966 1326 1234 1373 Chalcidem
1254 1325 1370 1387 jusso

77 1409 229 1462 petere
246 1433 261 1456 ,
299 1395 390 1460 ipse
426 1396 652 1442 triremem
689 1396 953 1444 conscendit
968 1433 983 1454 ‚
1022 1398 1165 1444 finum
1199 1399 1372 1445 Corin·-

77 1472 221 1520 thium
245 1482 401 1533 petens
424 1471 480 1517 ad
501 1472 887 1533 praeoccupandas
897 1471 953 1516 'in
970 1472 1153 1519 Boeotia
1173 1490 1256 1520 res.
1283 1486 1374 1520 tar·

78 1544 182 1592 dior
198 1543 239 1591 ei
257 1542 489 1606 navigatio
508 1555 696 1605 propter
713 1542 1020 1591 infirmitatem
1039 1547 1248 1607 corporis
1269 1546 1374 1595 fuit.

80 1616 423 1674 M.Lucretius‚
446 1616 711 1663 Chalcidem
725 1617 999 1677 adveniens,
1020 1636 1123 1666 cum
1141 1637 1165 1666 a
1187 1621 1234 1666 P.
1254 1620 1373 1667 Len-

79 1691 180 1738 tulo
197 1690 450 1737 Haliartum
473 1691 730 1754 oppugnari
759 1693 968 1751 audiiset,
987 1694 1195 1739 nuntium
1215 1730 1228 1751 ‚
1251 1712 1371 1757 prae-

79 1764 194 1811 toris
226 1764 405 1822 verbis,
435 1764 516 1826 qui
537 1763 772 1811 abscedere
799 1783 901 1812 eum
930 1766 1034 1813 inde
1061 1766 1261 1827 juberet,
1284 1769 1373 1815 mi·-

81 1835 148 1884 fit.
184 1837 458 1883 Boeotorum
483 1834 752 1896 juventute,
784 1854 884 1900 quae
911 1855 1010 1900 pars
1031 1855 1132 1885 cum
1156 1840 1374 1888 Romanis

83 1912 252 1970 stabat,
279 1928 376 1958 eam
410 1928 505 1957 rem
531 1911 750 1974 aggressus
773 1911 940 1974 legatus
955 1947 968 1970 ‚
999 1928 1023 1958 a
1043 1912 1270 1959 moenibus
1290 1915 1374 1959 ab-

81 1985 238 2033 sceffit.
274 1987 384 2032 Haec
408 1983 552 2031 soluta
581 1984 757 2031 obsidio
786 1985 940 2032 locum
967 1986 1094 2032 alteri
1125 2002 1264 2034 novae
1287 1989 1372 2034 ob·

83 2056 247 2104 fidioni
273 2057 410 2105 dedit.
443 2074 634 2121 namque
664 2059 896 2121 extemplo
927 2060 990 2104 M.
1012 2059 1242 2106 Lucretius
1268 2078 1374 2108 cum

84 2129 286 2177 exercitu
307 2130 479 2190 navali,
501 2131 652 2178 decem
675 2131 872 2178 millibus
890 2144 1162 2178 armatorum
1179 2168 1191 2191 ‚
1210 2134 1263 2180 ad
1282 2134 1375 2182 hoc

84 2202 261 2250 duobus
280 2204 477 2250 millibus
494 2205 749 2268 regiorum,
773 2205 851 2269 qui
872 2205 952 2252 sub
972 2207 1196 2253 Athenaeo
1225 2220 1377 2267 erant,

86 2277 334 2324 Haliartum
371 2279 654 2326 circumsedit
678 2296 689 2326 ε
726 2280 1069 2344 parantibusque
1098 2281 1184 2342 jam
1222 2299 1376 2344 oppu-

84 2365 248 2411 gnare,
281 2351 546 2412 supervenit
578 2369 603 2398 a
623 2353 791 2399 Creusa
819 2367 1002 2415 praetor.
1036 2356 1106 2400 Ad
1137 2355 1252 2400 idem
1282 2355 1375 2401 sere

86 2433 262 2483 tempus
282 2423 332 2469 &
351 2423 406 2468 ab
432 2423 565 2471 sociis
588 2441 725 2471 naves
745 2426 1004 2472 Chalcidem
1034 2441 1373 2475 convenerunt:

87 2496 188 2544 duae
219 2495 401 2543 Punicae
432 2498 808 2560 quinqueremes,
844 2499 942 2545 duae
976 2499 1032 2546 ab
1067 2500 1285 2548 Heraclea
1317 2516 1375 2549 ex

157 2571 207 2618 T.
234 2571 353 2621 Livii
385 2575 485 2618 Vol.
511 2576 557 2619 V
556 2573 621 2620 II.
1084 2575 1120 2620 E
