1673 3052
288 228 342 276 45
356 228 378 256 2
415 210 496 258 JO.
515 206 735 255 FREINS.
752 203 912 252 SUPP.
928 201 993 249 IN
1012 200 1154 248 LOC.·
1173 201 1277 248 LIB.
1294 201 1401 248 Lm.
1418 201 1532 249 Liv.
1589 221 1605 229 ·

275 323 449 376 ‚pudoris
479 321 531 360 ita
556 317 771 371 profligati,
801 322 844 355 ut
864 315 986 369 palam
1010 313 1047 352 δ’
1071 326 1186 369 aperte
1214 315 1396 369 pecuniam
1421 315 1465 355 ob
1495 329 1562 356 rem

280 385 511 440 judicandam
544 381 662 434 cepff
699 381 899 420 diceretur.
944 384 1102 428 accepta
1139 378 1339 428 rogatione
1356 406 1368 426 ‚
1411 376 1564 418 senatus

288 447 536 499 quaestionem
563 444 633 485 Cn.
663 441 824 484 Servilio
850 441 1020 492 Caepioni
1054 437 1199 480 consuli
1229 440 1452 480 mandavit:
1487 452 1565 491 qua

289 524 330 551 re
362 508 557 549 intellecta
589 519 699 555 reus,
723 517 812 544 cum
843 501 1140 543 manifestissimo
1165 501 1324 542 crimine
1347 509 1564 550 teneretur,

288 586 368 614 non
395 571 611 623 exspectato
640 569 810 619 judicio,
833 566 1025 619 disparuit.
1062 564 1239 604 Interesse
1260 571 1389 604 tamen
1415 564 1564 616 publici

289 634 457 686 exempli
475 634 618 681 visum,
638 645 686 672 ne
709 632 828 671 homo
857 643 906 669 ex
929 628 1037 669 omni
1058 627 1242 667 memoria
1263 625 1571 667 sceleratissimus

291 700 328 739 ὅ(
349 695 640 744 audaciffimus,
657 702 737 734 tam
751 694 825 734 levi
848 705 963 744 poena
988 690 1272 741 defungeretur.
1300 689 1437 740 Itaque
1459 701 1566 728 revo-

288 761 366 800 cari
391 759 440 799 ab
465 757 593 798 exsilio
618 757 668 797 ad
695 756 846 797 causam
867 753 1074 794 dicendam
1097 752 1254 804 placuit.
1288 752 1364 793 Sed
1387 750 1476 799 ille,
1501 751 1568 802 qui

291 822 442 864 nullum
458 820 574 861 alium
599 826 778 859 eventum
803 818 949 868 sperare
968 822 1142 867 poterat,
1169 827 1282 865 quam
1304 822 1348 853 ut
1370 813 1412 854 in
1435 825 1568 853 carce-

292 897 331 924 re
358 890 581 929 necaretur,
603 892 751 919 veneno
777 886 894 928 epoto
922 888 1059 916 necem
1082 874 1309 926 properavit,
1352 901 1354 906 ‚

345 944 543 986 XXXIX.
570 941 648 983 Sub
665 941 746 981 haec
762 948 958 990 tempora,
983 951 1032 977 ne
1050 935 1321 976 tantummodo
1340 935 1454 976 armis
1473 947 1568 988 prae-

293 1008 385 1050 stare
413 1013 555 1046 ceteras
589 1012 720 1056 gentes
745 1004 911 1043 Romani
940 994 1210 1046 crederentur,
1238 999 1393 1050 ingenio
1418 1000 1569 1040 tardio-

294 1083 352 1109 res
369 1084 380 1118 ;
400 1082 488 1109 cum
513 1068 589 1108 alia
614 1066 652 1106 se
678 1066 799 1106 studia
823 1077 994 1112 erexere,
1018 1071 1101 1102 tum
1126 1064 1244 1102 etiam
1272 1060 1569 1101 historia‘scribi

293 1132 503 1172 accuratius
535 1130 678 1180 coepit:
714 1128 896 1168 haetenus
927 1128 1031 1167 enim
1063 1126 1130 1176 qui
1152 1126 1188 1164 ei
1215 1124 1467 1164 admoverant
1490 1137 1570 1163 ma-

293 1208 387 1248 num
404 1226 414 1244 ,
440 1194 600 1234 breviter
621 1189 829 1242 exposuisse
854 1202 911 1229 res
938 1187 1134 1234 contenti,
1158 1185 1358 1225 annalibus
1388 1185 1569 1226 similiora

293 1258 528 1309 scripserant.
561 1257 695 1306 Neque
715 1262 843 1293 tamen
868 1252 994 1293 adhuc
1024 1249 1149 1291 Latini
1175 1247 1356 1288 sermonis
1386 1261 1430 1288 ea
1457 1248 1570 1299 copia

299 1324 334 1363 ἃ
367 1320 542 1360 venustas
565 1319 640 1359 esse
668 1316 869 1368 putabatur
887 1345 897 1365 ,
934 1322 977 1354 ut
1004 1312 1191 1363 ejusmodi
1224 1311 1404 1363 operibus
1436 1312 1571 1363 digni·-

296 1391 376 1423 tate
404 1385 438 1422 ἃ
464 1381 581 1435 gratia
604 1379 859 1430 responderet.
899 1375 1086 1425 multique
1114 1387 1171 1414 res
1197 1375 1394 1416 Romanas
1421 1375 1583 1428 Graeco5

299 1458 384 1485 rum
404 1444 533 1494 lingua
556 1441 820 1487 tradiderunt3
848 1439 894 1479 ab
918 1437 992 1477 illis
1014 1437 1270 1486 majestatem,
1291 1436 1339 1476 ab
1361 1435 1435 1475 hac
1459 1436 1573 1475 deco-

299 1521 380 1547 rem
407 1505 525 1556 magis
556 1503 764 1555 petendum
799 1500 980 1541 arbitrati.
1013 1512 1108 1550 quos
1140 1499 1240 1538 inter
1267 1507 1351 1538 tum
1384 1499 1427 1538 C.
1449 1497 1572 1547 Julius

300 1570 450 1609 senator
473 1567 571 1608 fuit:
599 1579 688 1606 cum
707 1565 821 1604 etiam
844 1565 886 1604 A.
913 1563 1122 1603 Postumius
1145 1562 1250 1600 idem
1272 1568 1448 1600 tentaret.
1476 1571 1575 1610 quos

301 1633 441 1673 deinde
452 1632 491 1672 P.
509 1629 687 1677 Rutiliu23
704 1629 746 1668 L.
764 1626 946 1669 Lucullus
960 1657 974 1674 ,
990 1628 1027 1667 Sc
1039 1626 1104 1665 alii
1118 1624 1286 1675 plerique
1300 1621 1388 1662 sunt
1399 1621 1552 1662 imitati.

349 1770 371 1813 §
395 1768 583 1802 XXXVIII.
606 1768 679 1801 Cic.
696 1767 735 1801 de
759 1768 837 1801 Nat.
852 1765 958 1800 Deor.
984 1774 1016 1805 3,
1034 1773 1088 1807 30.
1106 1762 1190 1796 Idem
1210 1761 1250 1794 de
1263 1756 1322 1794 fin.
1342 1769 1381 1799 2,
1406 1757 1458 1792 16.
1481 1756 1568 1790 Idem

304 1825 365 1859 pro
391 1813 441 1847 M.
459 1813 596 1846 Scauro.
610 1814 732 1846 Ascon.
755 1813 899 1844 Paediau.
920 1811 954 1843 ’m
970 1810 1084 1841 Scaur.
1105 1808 1134 1848 §·
1147 1806 1308 1841 XXXIX.
1326 1803 1401 1838 Cic.
1417 1803 1457 1837 de
1471 1801 1573 1835 Orat.

304 1871 345 1901 2,
371 1869 421 1893 12.
444 1857 563 1893 Just‘m.
582 1859 677 1903 praef.
701 1857 777 1891 Liv.
796 1857 887 1901 Epir.
907 1854 1093 1888 Athenaeus
1108 1853 1131 1887 1.
1151 1865 1187 1894 4.
