1673 3052
317 185 400 232 1N
446 179 1091 230 LOC.L113.L.L1V.
1275 177 1363 241 361

90 303 253 347 paratum
273 291 403 331 videtis
415 321 428 340 ‚
444 291 580 341 inquit.
609 290 676 329 Sin
690 303 770 328 vero
795 303 847 327 res
870 289 920 327 ad
936 302 1010 326 eum
1019 288 1168 340 statum,
1182 299 1278 338 quem
1303 298 1367 322 no·

92 355 190 407 mstis
205 383 217 402 ‚
239 354 388 393 adduaa
408 353 474 406 est,
489 352 574 390 milzi
592 364 724 403 tempus
738 349 798 402 ff
812 350 949 388 videtur
966 351 1011 387 de
1018 348 1136 402 Jizlute
1149 345 1364 399 fingulorum

92 415 306 468 confidendi.
321 414 374 452 Et
389 427 450 466 ego
460 414 594 466 quidem
599 413 707 463 fidem
713 411 792 465 jam
803 412 934 463 accepi,
946 424 996 448 me
1008 423 1081 448 cum
1093 407 1267 453 omnihus,
1279 420 1367 458 quos

96 479 292 526 adduxero,
303 476 446 529 fizlvum
458 475 538 528 fhre
551 491 563 514 .·
580 489 646 514 vos
665 486 778 512 autem
790 473 877 525 quid
888 472 993 510 vobis
1001 471 1208 523 finiendum
1228 468 1289 521 effi
1302 481 1370 521 pu-

93 539 174 578 tetis
186 569 200 587 ,
221 540 417 593 exponendi
435 539 550 576 brevis
568 539 612 591 est
635 537 775 588 occasio.
805 536 896 576 Haec
925 534 1069 573 dicenti
1098 531 1252 583 quidam
1274 543 1370 580 prae·

95 600 284 640 fenorum
301 613 392 639 cum
413 599 603 650 equitibus
623 599 682 638 bis
706 597 810 637 mille
834 590 1009 636 ducentis
1023 595 1060 634 se
1074 593 1364 645 applicuerunt:

95 661 264 712 reliquos
291 662 432 702 Hanno
444 692 456 710 ‚
471 661 534 700 cui
554 673 771 710 cognomen
794 658 911 698 Albus
923 667 1005 697 erat
1017 687 1028 705 ‚
1043 655 1279 704 transfugere
1296 665 1369 691 ve·-

96 723 182 763 tuit.
213 723 411 763 Reducem
439 734 528 762 cum
556 717 728 762 Phamaea
751 721 971 771 Scipionem
996 718 1150 758 obviarn
1173 715 1368 767 profedtue

97 784 291 824 exercitus
303 782 481 824 laudibus
503 785 538 823 &
555 781 839 832 laetitia,veluti
858 778 1173 831 triumphantem,
1191 776 1232 815 in
1253 775 1370 815 castra

99 845 273 886 deduxit.

154 917 305 958 XXIII.
322 915 526 957 Proconsul
539 946 550 964 ‚
571 928 618 955 eo
639 913 806 954 successu
830 912 996 966 gavisus,
1012 910 1179 951 maxime
1191 909 1294 959 quod
1313 908 1369 946 in-

98 986 156 1018 ter
172 977 498 1030 perturbationem
515 975 674 1027 perculfi
690 976 766 1016 hoc
780 975 866 1015 casu
884 972 1133 1015 Hasdrubalis
1146 1002 1156 1019 ‚
1171 978 1370 1019 receptum

100 1041 300 1080 habiturus
315 1047 443 1078 tutum
469 1047 583 1089 atque
604 1038 805 1077 honestum
821 1036 1044 1083 videbatur3
1061 1046 1133 1072 nec
1160 1033 1261 1071 enim
1277 1031 1370 1070 diu-

97 1102 173 1141 tius
192 1102 332 1140 morari
356 1107 643 1139 commeatuum
657 1100 787 1149 inopia
806 1097 976 1146 finebat3
998 1094 1272 1146 septemdecim
1294 1092 1372 1131 die-

98 1163 170 1204 bus
199 1164 239 1203 in
263 1176 308 1202 ea
331 1162 580 1214 expeditione
605 1163 684 1211 jam
716 1159 931 1207 transactis,
956 1158 1080 1198 statim
1104 1157 1230 1196 castris
1254 1156 1370 1194 motis

99 1224 378 1279 profectionem
405 1223 508 1264 orsus
533 1222 596 1262 est.
628 1223 691 1262 Sic
720 1234 870 1272 quoque
898 1218 1086 1271 fatigabat
1107 1217 1212 1257 haud
1241 1216 1369 1256 mollis

102 1301 213 1336 cura,
236 1286 323 1340 quia
351 1285 465 1325 tridui
490 1285 624 1323 itinere
650 1297 717 1334 per
744 1282 960 1323 exhaustam
988 1283 1221 1331 inopemque
1244 1277 1369 1328 regio·

101 1363 190 1390 nem
205 1347 413 1399 repetenda
434 1347 559 1397 priora
580 1345 696 1384 castra
717 1352 834 1383 erant.
864 1344 912 1384 At
926 1343 1076 1393 Scipio,
1103 1339 1261 1380 affumto
1279 1337 1373 1378 Pha-

101 1424 204 1451 maeae
237 1408 474 1458 Guluffaeque
499 1407 692 1458 equitatu,
727 1407 762 1444 ὃς
787 1405 917 1455 paucis
950 1402 1176 1444 Italicorum
1205 1399 1298 1448 alis,
1326 1400 1367 1437 in

102 1482 261 1521 campos
291 1468 475 1520 quosdam
501 1468 712 1522 (Magnum
736 1467 945 1506 Barathrum
969 1466 1133 1516 vocant)
1158 1461 1370 1501 incurfione

102 1534 228 1579 faeta,
251 1532 438 1571 exercitus
461 1531 633 1582 inopiam
656 1529 856 1569 sufficienti
884 1541 1034 1578 annona
1055 1525 1200 1566 refecit.

156 1601 302 1642 XXIV.
330 1599 418 1650 Jam
439 1601 604 1640 adventu
632 1597 848 1639 successoris
870 1596 1051 1647 cognito,
1076 1592 1261 1634 Manilius
1286 1592 1370 1633 Sci-

101 1664 257 1715 pionem
286 1656 377 1702 cum
407 1661 579 1702 Phamaea
608 1662 769 1701 Romam
801 1660 969 1707 dimisit,
1001 1659 1101 1698 datis
1125 1658 1174 1696 ad
1197 1655 1371 1696 senatum

105 1727 225 1768 literis
239 1757 249 1775 ‚
268 1725 404 1777 quibus
418 1756 431 1772 ,
447 1725 523 1779 ejus
539 1725 686 1778 juvenis
707 1736 779 1762 toto
801 1736 943 1777 tempore
968 1721 1048 1760 belli
1068 1721 1272 1774 praecipuam
1295 1733 1372 1770 ope-

101 1805 173 1830 ram
182 1788 285 1841 fiuffi
297 1819 309 1838 a
323 1787 532 1827 fatebatur:
554 1787 693 1826 additis
710 1788 845 1834 etiam,
859 1799 931 1837 quae
949 1784 1072 1822 circum
1091 1781 1307 1833 Mafiniffam
1327 1781 1372 1817 il.
1403 1791 1416 1798 ‘

102 1852 150 1899 li,
177 1852 300 1889 circum
320 1850 527 1888 -Plzamaeam
542 1879 555 1897 ‚
580 1849 710 1886 eximia
733 1849 768 1886 6·
793 1846 945 1900 gloriosa
967 1843 1190 1897 contigiffi’nt.
1220 1843 1370 1882 Navem

104 1911 263 1962 ingresso
278 1923 475 1950 accurrens
493 1910 678 1949 exercitus
696 1910 861 1948 maximo
881 1920 968 1946 cum
983 1906 1121 1946 affectu
1135 1905 1219 1944 laeta
1240 1904 1371 1944 omnia

105 1971 357 2024 precabatur:
385 1970 611 2010 nominatim
631 1971 796 2021 rogitans
813 1969 914 2009 Deos
929 1999 939 2016 ,
961 1968 1014 2006 uti
1035 1966 1230 2020 Scipionem
1249 1965 1371 2003 ,reverti

105 2035 142 2074 in
168 2033 330 2087 Africam
348 2033 514 2085 confidem
534 2033 706 2084 capiendae
728 2032 949 2083 Carthaginis
973 2031 1078 2083 causa
1091 2029 1257 2082 fizcerent.
1279 2027 1370 2068 Uni·

104 2094 215 2135 verfis
239 2096 342 2133 enim
370 2093 451 2134 haec
475 2093 684 2145 persuasio,
704 2092 818 2133 veluti
838 2091 988 2132 coelitus
1007 2091 1138 2143 iliapsa
1159 2089 1369 2137 mentibus,

105 2156 254 2204 aderat,
267 2169 335 2194 non
352 2156 397 2192 ab
419 2155 508 2203 alio,
521 2156 587 2206 mfi
599 2155 773 2208 Scipione,
789 2154 867 2206 capi
886 2154 1127 2207 Carthaginem
1136 2153 1239 2206 poffi’.
1254 2153 1369 2202 idque

104 2217 229 2268 ipsum
260 2216 467 2256 multorum
495 2216 608 2255 literis
637 2217 676 2255 in
702 2217 836 2256 urbem
865 2216 1176 2267 perscribebatur.
1212 2217 1372 2256 Senatus

107 2277 325 2327 Scipionem
349 2290 488 2327 magno
507 2277 636 2318 favore
651 2280 814 2329 excepit.
831 2278 1010 2318 Phamaeae
1027 2291 1199 2328 quoque,
1216 2290 1304 2316 cum
1329 2276 1368 2315 in

107 2340 251 2378 curiam
267 2337 357 2376 effet
369 2338 623 2386 introductus,
638 2337 824 2378 honorem
845 2339 992 2387 habuit,
1009 2351 1047 2378 ut
1072 2339 1266 2378 confidere
1281 2351 1372 2378 eum

149 2471 173 2517 §
197 2470 303 2506 XXII.
325 2471 399 2506 Liv.
425 2473 511 2517 Epir.
533 2473 677 2517 Appiam.
702 2473 825 2507 Zonar.
850 2475 870 2516 ὃ
893 2472 1012 2506 X'x'lu.
1035 2473 1155 2506 Zonnr.
1177 2474 1321 2517 Appian-
