1673 3052
263 187 362 241 294
434 171 1496 224 JO.FRE1NSHEM118UPPLEM;

265 286 389 325 nulius
412 284 539 334 Scipio
561 281 696 323 Nasica
720 279 898 331 pontifex
921 280 1112 319 maximus
1135 278 1256 319 ledus
1279 279 1341 320 est·
1382 279 1559 320 Aliorum

265 348 408 387 deinde
449 344 707 396 complurium
748 343 878 382 obitus
916 341 1180 381 admonebant
1216 341 1415 391 homines,
1450 343 1559 394 quoi

264 409 378 448 initio
401 408 514 455 anni,
538 420 628 447 cum
652 416 740 445 ante
764 406 885 445 aedern
907 405 1012 454 Jovis
1033 406 1074 444 in
1095 417 1237 456 campo
1261 401 1560 445 columnas‘cum

263 470 371 520 signo
386 477 517 508 aurato
533 467 685 507 dec-uffa
699 466 811 514 esset,
826 465 1048 517 haruspices
1059 467 1234 506 interitum
1255 469 1513 522 magistratuum
1524 467 1560 506 6·

262 534 484 588 Jizcerdotum
498 532 579 585 fbf-e
603 529 888 582 responderant.
915 531 991 571 Sed
1017 533 1053 571 ἅ
1079 531 1118 570 in
1142 530 1397 582 suspicionem
1419 530 1562 570 venisse

263 605 461 635 matronas
493 594 749 642 crediderim,
772 594 976 645 antiquum
1008 606 1070 634 eas
1098 592 1219 633 scelus
1248 593 1441 634 retulisse:
1467 607 1560 633 nam

265 660 304 698 ὁ)
328 658 410 697 olim
423 658 555 710 ftaJde
579 657 736 695 muliebri
756 671 903 709 magnus
919 657 1118 710 principum
1141 658 1379 695 Romanorum
1401 670 1564 696 numerus

265 720 382 758 eodem
406 733 501 757 anno
529 719 736 770 interceptus
763 717 971 759 ferebatur.
998 718 1108 758 Certe
1134 717 1307 757 Publicia
1332 718 1368 757 δε
1389 717 1562 763 Licinia,

267 781 423 821 nobiles
453 781 634 828 feminae,
665 793 828 830 quarum
862 779 945 820 haec
972 780 1180 821 Claudium
1210 779 1403 829 Asellum,
1426 778 1492 819 illa
1518 780 1562 820 L.

269 842 510 885 Postumium
523 874 534 892 ,
551 843 615 893 qui
633 843 746 882 tertio
770 849 858 881 ante
875 856 975 882 anno
1000 841 1133 882 consul
1149 841 1341 890 obiverat‚
1357 842 1458 882 viros
1477 840 1566 881 suos

267 920 422 946 veneno
442 905 629 945 necavisse
641 904 916 956 arguebantur,
932 905 1088 956 cognita
1103 903 1227 954 causa,
1240 916 1331 943 cum
1347 905 1464 944 vades
1476 917 1565 955 prae·

268 970 347 1010 tori
376 968 589 1017 dedissent,
616 967 664 1007 ad
693 978 945 1019 cognatorum
976 966 1383 1017 judiciumffemiffae,
1404 966 1566 1006 horum-

270 1047 347 1085 que
373 1034 528 1073 decreto
557 1030 795 1082 strangulatae
823 1031 920 1070 sunt.
949 1031 1009 1071 Ne
1032 1031 1082 1070 fic
1106 1031 1264 1081 quidem
1291 1029 1376 1069 satis
1402 1030 1563 1080 expiatae

269 1095 539 1148 prodigiorum
562 1095 673 1133 minae
698 1093 954 1141 videbantur3
978 1093 1044 1132 nili
1068 1101 1382 1142 removerentur,
1402 1093 1442 1131 in
1468 1104 1566 1142 quos

270 1159 469 1198 intentatae
494 1155 567 1195 illae
588 1153 768 1194 fuissent:
794 1155 846 1194 ita
871 1154 1027 1193 monitis
1051 1152 1300 1205 haruspicum
1326 1154 1568 1205 magistratus

274 1232 412 1258 omnes
437 1217 679 1257 abdicarunt.

340 1281 411 1321 XI.
446 1278 615 1319 Comitia
640 1290 707 1329 per
731 1278 959 1329 interregem
984 1277 1129 1317 habita.
1183 1277 1224 1318 L.
1254 1277 1424 1318 Licinius
1449 1277 1490 1317 L.
1518 1276 1560 1317 F.

275 1341 482 1390 Lucullus,
507 1342 549 1381 A.
573 1341 785 1381 Postumius
806 1341 845 1380 A.
862 1339 901 1379 F.
922 1341 984 1391 Sp.
1001 1341 1051 1380 N.
1072 1339 1235 1379 Albinus
1257 1339 1432 1380 consules
1453 1339 1563 1380 faeti.

276 1406 438 1445 Animos
467 1403 631 1451 deinde,
649 1401 709 1442 his
732 1401 935 1441 eventibus
965 1402 1108 1451 tristes,
1131 1402 1214 1442 aliae
1236 1402 1394 1454 aliaeque
1420 1412 1569 1454 pertur-

273 1467 480 1507 bationum
513 1464 633 1505 causae
657 1463 887 1504 concussere.
924 1466 1095 1505 maxima
1124 1466 1199 1505 fuit
1230 1467 1427 1514 omnium,
1458 1465 1565 1515 quod

274 1530 318 1569 in
343 1529 469 1569 Africa
504 1527 615 1566 simul
641 1527 904 1577 Hispaniaque
927 1540 984 1567 res
1013 1541 1146 1579 parum
1177 1543 1245 1579 pro
1272 1530 1472 1568 voluntate
1504 1527 1568 1566 se-

278 1602 391 1633 natus
416 1592 679 1632 successerant.
708 1592 764 1632 Ex
789 1591 916 1632 Africa
940 1591 1039 1632 filius
1062 1593 1261 1634 Mafiniss'ae
1283 1592 1508 1640 nuntiabat,
1528 1589 1569 1643 se

270 1673 339 1711 per
353 1657 494 1710 caustmz
510 1657 718 1710 deprecandi
728 1670 793 1708 pro
815 1655 996 1708 exfizlihns
1019 1671 1094 1695 cum
1111 1658 1226 1710 fratre
1243 1656 1401 1709 Micipsa
1415 1687 1426 1706 ‚
1440 1669 1570 1709 paren-

278 1723 327 1758 tis
352 1718 474 1771 rmffu,
504 1720 750 1771 Carthaginem
777 1718 913 1770 vetuste.
941 1730 1083 1757 ceterum
1110 1721 1146 1757 in
1176 1721 1289 1758 urbem
1319 1734 1390 1758 non
1417 1720 1479 1773 ff
1500 1723 1570 1759 ad-

278 1780 420 1833 miffin:
445 1781 480 1819 ὃ*
498 1780 590 1831 fibi,
617 1793 693 1817 cum
721 1791 966 1828 reverteretur,
992 1780 1037 1816 ab
1061 1780 1271 1818 Hannibale
1301 1781 1482 1829 Samnite,
1506 1781 1567 1833 qui

277 1855 385 1894 caput
403 1841 577 1895 saffionis
599 1840 784 1894 popularis
803 1840 879 1893 effer
893 1871 904 1889 ,
922 1842 1070 1892 infidias
1090 1844 1261 1896 struehs,
1277 1844 1313 1882 G·
1332 1858 1376 1881 ex
1399 1844 1567 1882 comitatu

271 1907 341 1959 suo
372 1903 540 1957 quosdam
572 1903 768 1941 interemtos
785 1918 800 1950 ;
821 1903 861 1954 se
879 1902 973 1956 ficga
999 1904 1151 1957 slzlutem
1181 1904 1378 1957 quaefivlſje.
1417 1907 1566 1944 Ceterum

272 1981 341 2020 pro
363 1977 528 2017 comperto
541 1966 580 2017 fe
604 1963 742 2017 afferre,
764 1966 978 2019 Carthagine
1001 1967 1148 2005 delet‘lus
1164 1967 1226 2020 agi
1239 1999 1250 2015 ,
1260 1968 1384 2019 parari
1407 1967 1565 2019 clJffem,

278 2042 388 2080 neque
402 2026 645 2075 diſjimulutzter
654 2026 734 2078 jam
755 2040 817 2066 aut
839 2027 974 2080 obscure
990 2028 1114 2065 bellum
1129 2040 1249 2066 contra
1272 2030 1451 2066 Romanos
1462 2029 1562 2081 strui.

278 2089 375 2131 [Non
399 2096 478 2126 erat
500 2087 552 2125 ita
575 2087 781 2137 prostratus
812 2089 1021 2127 domestico
1038 2088 1194 2128 vulnere
1219 2089 1374 2129 Catonis
1395 2090 1569 2139 animus⁷

278 2160 324 2190 ut
352 2158 420 2189 aut
446 2148 609 2199 publicis
641 2149 988 2189 consultationibus
1021 2150 1314 2198 abstinendum,
1343 2161 1410 2191 aut
1437 2153 1484 2191 de
1513 2151 1570 2191 so-

279 2213 354 2252 lito
372 2213 497 2260 rigore
513 2210 725 2260 quidquam
742 2209 1016 2249 remittendum
1033 2210 1125 2259 esse,
1149 2212 1468 2263 duceret.1taque
1484 2223 1569 2252 tum

282 2285 467 2324 quoque,
497 2282 538 2310 ut
566 2271 740 2321 semper,
770 2272 895 2310 bellum
926 2273 1036 2311 indici
1068 2274 1193 2312 Poenis
1226 2286 1400 2326 oportere,
1430 2286 1569 2324 magna

281 2332 555 2374 asseveratione
587 2332 783 2372 tendebat.
824 2346 948 2384 neque
978 2333 1127 2386 segnius
1151 2335 1375 2386 opinionem
1401 2334 1505 2374 suam
1531 2336 1566 2375 P.

341 2451 361 2493 ς
384 2450 426 2482 Χ.
451 2449 527 2482 Liv.
547 2449 635 2493 Epit.
655 2449 726 2481 Cic.
746 2449 779 2481 in
801 2449 922 2483 Caton.
937 2451 1084 2498 Appian.
1110 2452 1166 2495 64.
1184 2451 1297 2486 Julius
1312 2450 1512 2496 Obsequens
1537 2461 1566 2485 c.

284 2506 340 2537 77.
364 2495 444 2530 Liv.
466 2495 483 2529 ὃ
500 2519 510 2530 .
536 2495 588 2529 18.
612 2494 688 2531 val.
713 2494 808 2529 Max.
831 2495 873 2539 6,
890 2506 924 2540 3.
