1673 3052
248 215 328 264 IN
375 213 548 262 LOC.
597 215 733 260 LIB.
779 213 1042 260 XLVIII
1092 215 1235 262 LIV.
1306 227 1401 278 291·

109 323 386 374 admoverique
411 320 609 361 machinas
636 320 818 376 J'ufferat)
834 322 1127 362 caduceatorem
1151 321 1306 371 misere,
1330 335 1400 374 pa-

109 398 196 425 cem
218 394 381 426 oranteS.
403 383 574 424 Amiftus
596 380 660 421 ille
676 381 750 422 fuit
773 383 874 435 pelle
892 383 1001 434 lupi,
1016 385 1121 435 quod
1146 385 1191 423 iis
1217 385 1399 436 gentibus

109 462 182 501 pro
213 448 384 488 caduceo
419 445 574 498 pacifici
608 445 732 484 nuntii
760 445 908 496 signum
935 447 996 486 est.
1039 447 1207 498 Consul,
1230 449 1326 488 nihil
1351 451 1401 488 iis

107 511 371 565 exspeaandum
401 506 794 561 pacatisrespondit,
819 509 886 559 nisi
912 510 1070 547 Arvacci
1103 524 1219 548 omues
1236 540 1247 558 ,
1280 511 1403 550 Bello-

107 589 244 627 rumque
258 572 294 611 6³
320 574 514 612 Titthorum
537 571 662 624 populi
683 585 756 609 una
777 584 946 623 rogarent.
975 573 1111 623 Neque
1137 586 1244 613 mora
1267 574 1306 612 in
1325 574 1401 616 illis

105 637 191 678 fuit.
208 648 345 675 venere
367 634 483 674 trium
507 634 707 673 civitatum
722 632 857 684 legati,
883 634 1115 685 rogitantes,
1139 649 1177 674 ut
1191 667 1202 684 7
1225 638 1404 686 tolerabilj

107 701 230 740 multia
251 702 440 754 imperata,
466 699 622 752 reciperet
648 713 764 736 omnes
787 699 825 736 in
853 700 1054 738 Gracchani
1068 699 1217 751 foederis
1241 700 1342 754 leges.

106 785 112 792 ‘
173 771 236 811 VI.
265 769 592 811 contradicebant
613 768 672 807 his
698 768 860 808 aliarum
892 769 1065 820 gentium
1093 778 1288 828 orjltores,
1315 776 1408 827 quij

108 835 158 876 ab
179 835 355 875 Arvaccis
380 833 564 884 sociisque
583 832 687 872 bello
716 834 865 880 vexati,
897 833 1003 882 quod
1029 833 1294 876 Romanarum
1318 853 1403 889 par.

104 900 206 938 tium
231 896 373 945 essent,
402 895 690 935 obtestabantur
717 894 938 943 consulem,
963 908 1002 933 ut
1021 897 1096 949 suae
1121 897 1282 937 vindielae
1295 903 1406 952 fimul

96 959 362 1013 securitatisque
392 959 559 998 rationem
587 970 711 1011 ageret.
750 956 920 1005 Consul,
947 970 1027 996 non
1057 958 1182 997 minus
1213 959 1304 1000 belli
1334 965 1403 1003 ad-

107 1021 235 1062 versus
261 1022 395 1062 duram
430 1028 585 1072 gentem
608 1020 769 1059 finiendi
801 1019 981 1070 cupidus,
1015 1032 1129 1069 quam
1158 1021 1402 1067 voluntatem

105 1081 213 1122 suam
240 1082 380 1123 callide
413 1089 570 1133 tegens,
595 1081 777 1132 utrosque
807 1082 943 1130 rejecit
972 1082 1020 1120 ad
1055 1081 1253 1132 senatum,
1279 1086 1403 1126 indu-

106 1144 259 1196 ciasque
282 1157 372 1184 cum
396 1143 590 1192 hostibus,
614 1145 739 1182 donec
764 1142 883 1193 legati
906 1152 1211 1192 reverterentur,
1237 1150 1370 1197 paetus
1388 1179 1403 1198 ‚

106 1204 352 1245 hibernatum
382 1204 479 1244 abiit
502 1205 725 1245 Cordubam
740 1235 751 1253 ,
768 1216 933 1254 eumque
953 1203 1084 1244 locum
1109 1205 1401 1249 abundantibus

108 1266 208 1306 circa
230 1267 329 1319 agris
352 1266 498 1306 alendae
519 1266 723 1306 hominum
741 1265 980 1305 multitudini
1003 1280 1081 1306 non
1102 1269 1404 1313 incommodum

105 1330 266 1376 videns,
288 1331 328 1369 in
352 1329 455 1368 urbis
471 1328 638 1380 speciem
663 1337 779 1378 atque
803 1328 1108 1378 magnitudinem
1134 1333 1405 1375 exaedificavit.

107 1391 184 1431 Sed
217 1391 258 1429 in
293 1390 508 1435 Lusitania,
534 1389 734 1440 postquam
763 1388 804 1428 L.
832 1389 1048 1428 Mummius
1083 1392 1131 1430 ad
1157 1392 1400 1445 triumphum

107 1451 339 1501 deceffiffet,
356 1451 412 1492 M.
436 1450 573 1490 Atilius
591 1459 729 1501 praetor
751 1450 988 1499 provinciam
1015 1454 1178 1503 accepit.
1194 1455 1263 1494 ubi
1287 1469 1402 1508 cum,

106 1511 354 1564 septingentis
371 1512 536 1552 hostium
565 1511 794 1560 i1iterfeffis,
813 1511 948 1551 urbem
976 1513 1192 1555 Oxthracas
1206 1548 1217 1565 ‚
1236 1518 1281 1557 iis
1302 1519 1402 1562 locis

105 1575 318 1615 maximam
332 1606 343 1625 ,
360 1573 604 1626 occupaffet3
631 1587 754 1625 eoque
780 1583 884 1613 metu
903 1577 1028 1616 vicina
1049 1579 1193 1628 oppida
1212 1580 1403 1623 Romanis

105 1637 338 1687 adjunxisset
361 1636 489 1691 (inter
515 1649 598 1687 quae
627 1649 714 1687 pars
741 1635 867 1686 aliqua
897 1637 1110 1678 Vettonum
1139 1640 1236 1689 fuit,
1258 1644 1398 1686 vicinae

107 1699 292 1740 Lufitanis
318 1699 512 1753 nationis)
536 1700 577 1738 in
600 1697 761 1738 hiberna
785 1699 946 1739 abduxit
968 1702 1192 1743 exercitum.
1218 1705 1320 1745 Tum
1335 1721 1401 1747 ve-

105 1774 149 1800 ro
175 1761 298 1801 subita
329 1761 545 1801 defeetione
579 1762 755 1800 omnium
790 1762 838 1801 de
870 1762 1018 1813 integro
1054 1765 1216 1805 turbatae
1249 1781 1330 1818 res,
1361 1772 1401 1810 Sc

107 1825 284 1876 quaedam
306 1823 459 1863 urbium
476 1855 488 1873 ,
514 1836 603 1863 cum
626 1824 814 1864 Romanis
839 1823 1109 1874 sentientium,
1134 1830 1398 1873 circumsess‘ae.

159 1893 241 1934 VII.
279 1893 382 1934 Dum
416 1894 455 1932 in
486 1906 531 1933 eo
567 1894 662 1933 statu
701 1894 952 1945 Hispaniense
984 1894 1130 1936 bellum
1157 1898 1236 1946 est,
1265 1900 1399 1942 Romae

110 1954 261 1994 senatus
291 1954 479 2006 Fstymedi
512 1955 624 1993 datur
656 1954 900 1995 Rhodiorum
927 1956 1079 2007 legato,
1115 1972 1230 2009 quem
1258 1975 1323 2012 prz¹
1316 1963 1404 2003 efe-

108 2019 212 2057 &um
243 2016 351 2057 simul
384 2016 504 2056 claffis
539 2026 769 2057 creaverant.
808 2017 895 2057 Erat
924 2018 983 2056 his
1011 2018 1157 2059 bellum
1183 2033 1273 2061 Cum
1304 2024 1403 2063 Cre-

105 2079 293 2127 tenfibus,
313 2078 491 2118 adversus
513 2092 608 2129 quos
633 2079 825 2119 sociorum
852 2093 946 2131 opes
964 2080 1234 2123 sollicitabant.
1261 2085 1401 2125 Decre-

105 2141 163 2180 vit
186 2140 384 2191 extemplo
411 2140 554 2192 legatos
577 2140 728 2180 senatus
744 2173 755 2190 ‚
779 2143 842 2192 qui
870 2142 971 2181 bello
996 2143 1113 2183 finem
1144 2146 1399 2196 imponerent.

105 2203 216 2243 Idem
251 2204 448 2254 negotium
482 2203 709 2244 Achaeorum
744 2218 831 2256 erga
866 2206 1065 2246 Romanos
1107 2208 1250 2248 detexit
1287 2211 1401 2251 obse-

108 2266 266 2315 quium,
289 2265 456 2305 libertati
472 2267 597 2316 gentis
619 2266 723 2306 haud
743 2267 828 2307 sane
851 2271 1107 2319 conveniens,
1134 2271 1198 2311 sed
1215 2287 1285 2324 pro
1302 2272 1403 2313 tem-

108 2341 202 2379 pore
230 2329 491 2368 necessarium.
536 2329 723 2377 Rhodiis,
745 2330 931 2370 auxilium
956 2332 1204 2382 petentibus,
1230 2334 1401 2385 plerique

109 2391 340 2430 mittendum
364 2391 600 2431 censuerant.
631 2393 706 2432 Sed
731 2392 952 2432 Callicrates
977 2394 1198 2434 Leontelius
1220 2397 1400 2448 negavit,

158 2524 180 2568 ἕ
206 2523 264 2559 V1.
287 2523 404 2569 Polyb.
431 2533 582 2569 excerpt.
606 2524 721 2571 Legat.
745 2537 819 2568 141.
840 2527 984 2571 Appiam,
1003 2529 1111 2562 strab.
1136 2532 1158 2563 1.
1179 2541 1213 2575 3.

1031 2585 1074 2630 T
1103 2602 1128 2629 2
