1673 3052
1459 131 1480 153 l

342 212 435 258 412
503 176 1529 244 JO.FRE1NISHEM118UPPLEM.·

396 303 507 345 XIII.
539 305 580 344 L.
601 303 718 353 igitur
739 299 955 342 Mummius
970 330 983 348 ‚
1007 310 1095 337 cum
1121 300 1201 348 J'am
1223 297 1274 338 ad
1295 288 1622 338 Isthmum-castra

342 362 528 407 Metellus
548 364 795 411 admovisset,
813 361 1013 402 lictoribus
1035 369 1209 407 tantum,
1231 361 1267 400 &
1291 361 1423 411 paucis
1442 359 1621 410 equitum
1651 377 1662 387 κ

343 428 572 476 comitatus,
595 440 673 466 non
696 427 774 475 die,
792 438 871 464 non
889 422 1011 463 noctu
1033 421 1240 462 intermisso
1263 422 1418 472 itinere,
1442 433 1532 461 curn
1543 421 1623 460 Au-

291 475 301 490 ’
343 489 438 528 relic
459 489 613 537 Oreste,
636 488 701 538 qui
720 488 759 526 in
781 486 950 526 Achaica
973 484 1165 536 legatione
1188 483 1396 543 fuerat‚'in
1416 483 1532 522 castra
1552 480 1622 520 sub

340 551 468 589 lucem
494 551 609 590 venit.
651 550 749 590 Inde
780 548 941 590 Metello
966 547 1005 587 in
1031 546 1308 589 Macedoniam
1339 546 1515 594 dimisso,
1543 543 1625 596 ipse

341 615 383 654 in
415 614 559 654 Isthmo
594 613 782 660 substitit,
818 613 943 652 donec
973 608 1156 650 universae
1192 609 1314 660 copiae
1348 598 1623 649 conveniisent.

343 681 502 720 Summa
526 679 713 719 exercitus
733 677 810 716 fuit
829 676 1004 727 equitum
1025 674 1113 714 tria
1130 671 1252 712 millia
1277 672 1498 723 quingenti,
1518 670 1627 722 pedi-

341 749 426 780 tum
447 741 517 780 tria
537 742 571 780 Sc
588 737 726 790 viginti
749 736 882 776 millia.
908 736 979 776 I-Iis
1003 732 1156 774 aeceffit
1170 732 1450 783 sagittariorum
1468 733 1517 772 'ex
1536 732 1624 771 Cre-

341 813 379 842 ta
393 817 550 843 manus:
571 805 606 843 ἃ
619 835 630 852 ,
644 803 743 842 duce
755 799 1062 851 Philopoemene,
1077 795 1193 837 Attali
1206 798 1306 847 regis
1323 794 1476 836 auxilia.
1491 795 1547 836 Ex
1563 793 1624 833 his

341 876 491 918 partem
520 865 670 914 consul,
704 863 894 913 adjunctis
914 862 1031 901 etiam
1058 858 1254 899 nonnullis
1285 857 1425 914 Italicis
1455 857 1625 897 cohorti-

343 929 441 977 bus,
467 931 516 968 ad
545 927 649 968 mille
677 929 906 978 quingentos
931 924 1054 976 passus
1080 923 1313 963 ante‘castra
1332 922 1463 962 locum
1490 932 1626 970 capere

340 992 568 1031 stationibus
584 989 698 1040 juffit.
726 990 834 1038 Hos,
851 999 940 1026 cum
966 985 1223 1038 negligentius
1249 998 1360 1036 agere
1382 984 1626 1031 viderentur,

339 1052 466 1092 subito
490 1051 606 1091 effusa
638 1051 803 1090 hostium
830 1062 964 1090 manus
990 1048 1143 1094 turbat,
1171 1047 1375 1098 occisisque
1401 1043 1625 1090 nonnullis,

342 1123 490 1154 ceteros
517 1113 632 1164 usque
659 1113 707 1152 ad
736 1111 851 1151 castra
878 1109 1127 1161 persequitur.
1159 1108 1262 1146 unde
1289 1106 1486 1153 submota,
1512 1107 1548 1145 &
1574 1103 1626 1143 ad.

339 1176 407 1216 sua
429 1174 588 1216 viciffim
615 1175 731 1214 castra
754 1173 927 1223 repulsa,
956 1181 1085 1212 tamen
1110 1170 1216 1211 scuta-
1243 1169 1392 1210 circiter
1417 1168 1626 1220 quingenta

342 1252 392 1279 ex
414 1238 585 1277 hostibus
612 1246 723 1288 capta
748 1238 874 1277 reFert.

395 1307 502 1347 XIV.
533 1306 616 1345 Post
642 1305 724 1344 haec
745 1305 889 1353 Diaeus,
904 1306 1100 1343 contrado
1124 1302 1230 1355 quod
1245 1300 1368 1341 ubivis
1382 1298 1550 1340 habebat
1569 1298 1629 1338 vi-

341 1369 466 1417 rium,
491 1367 718 1418 potestatem
746 1366 946 1417 pugnandi
981 1364 1128 1405 consuli
1157 1365 1269 1404 facit:
1303 1362 1460 1411 consul,
1487 1370 1532 1401 ut
1552 1360 1626 1400 ho·

342 1432 455 1471 stium
490 1439 628 1479 augeat
661 1431 907 1479 vecordiam,
934 1430 975 1469 in
1005 1430 1131 1469 castris
1163 1428 1250 1467 suos
1281 1424 1629 1466 continet-crescit

341 1493 432 1531 hinc
467 1491 612 1531 Achaeis
641 1492 790 1530 animus
806 1523 818 1538 ,
848 1491 945 1530 adeo
970 1489 1240 1540 intemperanti
1261 1488 1472 1536 alacritate,
1486 1481 1528 1526 ut
1547 1499 1628 1526 non

343 1556 463 1595 modo
483 1555 627 1606 priores
644 1554 682 1593 in
702 1554 840 1593 vallem
864 1555 962 1592 inter
986 1551 1132 1592 diversa
1152 1552 1266 1590 castra
1290 1551 1457 1590 mediam
1475 1550 1629 1589 descen-

343 1618 501 1664 derent,
530 1615 594 1655 sed
623 1617 737 1655 etiam
767 1616 944 1656 vehicula
976 1616 1106 1655 secum
1141 1616 1349 1662 ducerent,
1377 1615 1426 1654 ad
1459 1613 1627 1653 hostium

342 1680 573 1730 reportanda
598 1678 739 1730 spolia3
764 1679 1023 1729 conJ'ugesque
1045 1678 1127 1717 suas
1158 1690 1246 1716 cum
1274 1676 1402 1716 liberis
1425 1677 1468 1716 in
1492 1675 1627 1716 vicinis

343 1741 539 1781 montibus
559 1741 727 1792 speetare
752 1741 981 1781 dimicantes
998 1742 1178 1792 juberent
1192 1773 1203 1789 ,
1230 1741 1307 1780 cito
1329 1740 1378 1780 de
1399 1739 1627 1791 spectatori-

343 1805 414 1843 bus
431 1804 596 1854 praedam
624 1803 789 1842 hostium
814 1803 976 1844 futuros.
1004 1805 1117 1855 Apud
1134 1805 1431 1854 Leucopetram,
1448 1801 1515 1841 sub
1539 1801 1625 1852 ipsis

343 1866 474 1905 isthmi
494 1864 689 1912 faucibus,
712 1865 938 1904 concursum
953 1867 1016 1907 est.
1037 1867 1236 1916 Equitatus
1256 1865 1481 1918 Achaeorum
1501 1865 1626 1904 statim

342 1929 463 1990 fugit,
490 1929 554 1966 vix
576 1927 698 1979 prima
721 1927 939 1978 exspectata
963 1929 1204 1979 impressione
1229 1929 1493 1968 Romanorum
1517 1928 1630 1977 equi·

342 1997 451 2037 tum,
476 2001 572 2038 quos
604 1987 737 2027 consul
770 2002 816 2027 ex
844 1989 1004 2029 occultis
1032 1990 1186 2029 latebris
1212 1989 1338 2029 subito
1363 1988 1401 2028 in
1424 1988 1522 2028 latus
1548 1988 1627 2027 ho-

341 2049 453 2088 stium
477 2048 690 2087 immiserat.
717 2049 833 2099 pedes
856 2050 1050 2100 aliquanto
1074 2051 1307 2090 constantius
1329 2051 1484 2101 restitit>3
1509 2063 1627 2101 quan-

339 2124 457 2161 quam
481 2110 649 2150 nudatus
665 2111 837 2160 equitum
852 2112 943 2162 fuga
954 2144 964 2160 ‚
983 2114 1208 2163 minutoque
1225 2113 1354 2152 animo
1368 2143 1378 2160 .‚
1394 2112 1509 2150 etiam
1529 2110 1626 2150 mul.

342 2174 506 2213 titudine
523 2172 687 2211 hostium
704 2183 915 2224 urgeretur.
935 2175 1110 2214 Tandem
1126 2175 1230 2213 mille
1246 2174 1434 2213 fortisslrni
1450 2174 1518 2213 viri
1535 2185 1626 2212 con-

345 2237 519 2288 globati,
538 2235 785 2274 transversam
810 2236 931 2275 aciem
956 2250 1168 2288 perrupere.
1192 2237 1295 2276 Tum
1316 2248 1405 2275 vero
1428 2233 1545 2273 effusa
1567 2234 1628 2272 fu-

344 2314 415 2351 ga,
447 2299 511 2338 ubi
548 2297 706 2348 quisque
737 2299 883 2349 potest,
919 2298 1046 2338 salutis
1077 2299 1291 2350 praesidium
1317 2307 1501 2348 quaerunt.
1538 2293 1629 2345 Ipse

396 2444 416 2485 §
442 2442 533 2475 xm.
556 2442 707 2486 Agellius
732 2454 765 2473 11
782 2468 789 2481 ,
816 2442 847 2474 S.
884 2442 972 2476 P-Iut.
997 2443 1032 2475 in
1053 2442 1176 2475 Caton.
1200 2441 1318 2485 major.
1342 2452 1373 2474 c.
1399 2450 1458 2484 23..
1476 2439 1564 2475 Fler.
1584 2450 1595 2472 ι
1614 2462 1630 2480 ,

345 2494 399 2528 26.
429 2495 530 2528 Oros.
551 2507 565 2536 5
585 2522 592 2536 ,
612 2506 642 2540 3.
664 2495 859 2530 Pausanias.
