1673 3052
281 190 368 254 198
632 193 1202 244 T1T1L1V11

274 297 524 362 lugentium
550 299 694 347 Persei
718 301 864 349 casum
885 304 1083 366 praebere
1107 304 1300 368 speciem
1323 315 1561 368 poterant;

271 372 510 434 postquam
533 374 728 421 consulti
747 375 803 422 ab
821 377 885 423 M.
903 377 1037 425 Junio
1055 377 1239 425 consule
1259 379 1428 437 Patres,
1447 378 1563 426 stan-

273 444 393 491 tibus
413 444 459 491 in
480 447 672 494 comitio
697 448 849 513 legatis
869 467 926 496 an
947 450 1127 508 locum,
1146 451 1280 498 lautia
1295 487 1308 508 ‚
1336 451 1564 499 senatum-

272 535 361 581 que
389 519 572 578 darent,
597 522 768 570 nullum
798 524 1017 587 hospitale
1036 524 1103 586 jus
1135 525 1181 572 in
1210 525 1263 573 iis
1292 525 1563 573 servandum

269 592 569 651 censuerunt3
599 597 788 659 egressus
818 614 842 644 e
863 598 985 655 curia
1020 597 1207 656 consul,
1230 615 1333 645 cum
1353 596 1564 655 Rhodii,

273 667 543 728 gratulatum
568 670 610 716 se
630 671 683 716 de
700 670 894 717 victoria
912 682 1242 735 purgatumque
1261 669 1458 717 civitatis
1478 668 1565 717 cri-

274 737 399 785 mina
422 740 621 790 dicentes
648 742 841 802 veniffe,
860 743 1087 805 petissent,
1103 755 1154 789 ut
1183 742 1354 790 senatus
1380 741 1461 788 fibi
1483 741 1573 787 da-·

275 823 424 870 retur,
456 815 750 876 pronuntiat:
777 820 915 863 Sociis
950 815 992 864 G·
1023 819 1172 864 amicis
1209 814 1252 862 δ’
1281 818 1370 862 alia
1400 818 1572 862 comiter

275 900 395 946 atque
420 887 679 948 hospitaliter
695 891 882 957 praestare
914 892 1156 947 Romanos,
1177 887 1220 935 δ’
1239 890 1436 949 senatum
1468 889 1569 933 dare

276 959 475 1024 consufft
492 979 509 1007 :
528 963 722 1008 Rhodios
742 982 829 1008 non
849 966 910 1009 ita
929 966 1092 1009 meritos
1118 981 1162 1008 eo
1187 965 1315 1018 bello,
1338 977 1385 1006 ut
1408 960 1567 1006 amico-

274 1053 368 1080 rum
384 1037 599 1095 sociorum
619 1057 787 1084 numero
807 1039 987 1084 habendi
991 1038 1100 1103 sint.
1132 1034 1214 1082 His
1244 1033 1405 1081 auditis
1420 1069 1434 1092 ‚
1454 1048 1568 1095 pro·-
1609 1027 1612 1030 .

273 1106 532 1157 straverunt
569 1111 612 1158 se
641 1127 802 1158 omnes
836 1111 988 1171 humi,
1017 1109 1340 1172 consulemque
1375 1108 1425 1154 &
1456 1122 1571 1153 cun-

274 1181 397 1241 ἑῖοε,
425 1184 504 1245 qui
533 1185 744 1243 aderant,
773 1195 979 1243 orantes,
1009 1199 1065 1229 ne
1095 1197 1221 1228 nova
1254 1177 1447 1242 falsaque
1479 1176 1568 1224 cri-

274 1256 398 1304 mina
427 1258 528 1320 pius
558 1260 708 1307 obeffe
727 1259 918 1307 Rhodiis
949 1274 1125 1321 aequum
1155 1253 1567 1314 censerent,quam

275 1333 462 1397 antiqua
492 1335 681 1393 merita,
709 1351 910 1397 quorum
940 1333 1021 1396 ipfi
1040 1329 1168 1378 testes
1197 1328 1348 1376 effent.
1379 1329 1569 1373 Extem-

274 1405 387 1468 plo,
420 1407 542 1455 veste
576 1408 754 1456 sordida
793 1407 959 1465 sumta,
979 1407 1145 1452 domos
1177 1401 1432 1466 principum
1463 1411 1569 1445 cum

273 1481 485 1543 precibus
505 1500 555 1530 ac
578 1482 774 1530 lacrimis
806 1480 1124 1536 circumibant,
1146 1489 1355 1533 orantes,
1376 1485 1426 1520 ut
1444 1473 1569 1537 prius

274 1556 607 1618 cognoscerent
629 1557 802 1605 causam
817 1594 831 1616 ‚
848 1574 981 1619 quam
1009 1555 1432 1602 condemnarentur.

339 1631 471 1678 XXI.
506 1631 583 1678 Μ’.
602 1630 839 1679 Iuventius
869 1630 1046 1677 Thalna
1075 1639 1267 1690 praetor,
1294 1622 1421 1685 cujus
1448 1621 1570 1668 inter

275 1700 404 1750 cives
430 1704 480 1750 &
506 1704 773 1768 peregrinos
805 1702 1052 1765 jurisdictio
1084 1712 1206 1758 erat,
1236 1696 1457 1761 populum
1488 1694 1568 1741 ad-

275 1776 432 1823 versus
460 1778 670 1824 Rhodios
691 1778 905 1824 incitabat
928 1793 938 1821 :
961 1774 1336 1839 rogationemque
1358 1767 1579 1834 promul-⁷

272 1862 459 1912 gaverat
474 1886 488 1910 ,
529 1855 593 1898 Ut
622 1855 803 1898 Rhodiis
823 1855 972 1897 bellum
992 1851 1268 1895 indiceretur:
1293 1843 1336 1891 δ’
1357 1863 1410 1890 ex
1429 1844 1569 1905 magi-

261 1925 465 1994 stratibus
497 1924 586 1981 ejus
614 1926 722 1969 anni
755 1924 998 1985 deligerent,
1026 1923 1097 1981 qui
1128 1922 1189 1965 ad
1219 1920 1266 1963 id
1296 1919 1444 1962 hellam
1475 1932 1570 1960 cum

268 1997 393 2059 claffe
423 2000 670 2052 mitteretur,
692 1995 734 2042 se
759 2012 860 2041 eum
888 1993 1065 2055 sperans
1095 1991 1296 2037 futurum
1319 1988 1417 2035 effe.
1447 1987 1568 2035 Huic

274 2070 442 2119 actioni
462 2073 525 2118 M.
543 2071 768 2117 Antonius
788 2071 837 2117 ὅ(
856 2072 917 2115 Μ.
934 2063 1215 2129 Pomponius
1236 2063 1405 2111 tribuni
1424 2062 1569 2127 plebis

273 2143 641 2190 adversabantur.
662 2142 746 2189 Sed
764 2144 812 2188 δι
834 2156 1004 2202 praetor
1026 2155 1157 2186 novo
1180 2138 1393 2200 maloque
1414 2153 1566 2184 exem-

272 2217 355 2282 plo
390 2235 483 2264 rem
516 2217 729 2281 ingressus
760 2227 883 2273 erat,
914 2213 1060 2277 quod,
1091 2224 1194 2259 ante
1227 2229 1322 2258 non
1356 2210 1566 2262 consulto

273 2290 463 2347 senatu,
493 2307 587 2336 non
626 2288 885 2337 consulibus
925 2286 1194 2334 certioribus
1226 2284 1374 2342 faffls,
1404 2283 1459 2330 de
1489 2283 1566 2330 sua

277 2363 413 2410 unius
435 2362 651 2410 sententia
670 2361 956 2425 rogationem
977 2359 1136 2416 ferret,
1162 2362 1342 2415 Vellent,
1359 2357 1568 2414 juberent·
1632 2406 1638 2411 ,

274 2457 350 2498 que
365 2474 379 2496 ‚
398 2439 580 2483 Rhodiis
599 2439 747 2482 bellum
782 2436 913 2480 indici
927 2436 952 2479 .>
973 2450 1076 2480 cum
1096 2444 1227 2478 antea
1252 2429 1424 2492 {emper
1443 2428 1569 2491 prius

275 2510 451 2559 senatus
481 2511 535 2558 de
561 2510 685 2557 bello
715 2506 945 2558 consultus
976 2504 1111 2562 effet,
1142 2503 1303 2554 deinde
1334 2502 1388 2550 ad
1413 2517 1564 2566 popu-

1583 2570 1596 2586 .
