1673 3052
289 170 384 236 382
446 168 1096 220 JO.FRE1NSHEM11
1147 161 1513 216 suPPLE‘M.

343 278 490 319 XVIII.
520 277 671 317 Postero
697 275 760 314 die
779 274 910 326 Scipio
939 287 1120 327 aggerem
1140 273 1250 314 illum
1274 277 1385 328 (erat
1406 273 1511 313 enim
1528 271 1581 314 ad

288 351 447 393 pontum
472 337 763 377 occludendum
786 336 1035 376 vehementer
1048 338 1289 387 opportunus
1302 336 1320 384 )
1334 347 1476 386 capere
1488 347 1582 375 con-

288 402 416 450 nisus,
443 400 620 441 arietibus
644 398 910 450 machinisque
937 400 987 438 ad
1009 398 1173 438 loricam
1193 400 1398 447 adduetis,
1417 399 1498 438 vim
1524 398 1583 437 in-

289 467 388 505 ferre
418 465 541 514 jubet.
570 465 728 513 jamque
761 475 900 513 magna
930 474 1016 512 pars
1038 469 1258 508 corruerat,
1283 459 1582 511 sperabaturque

287 529 398 569 locus
421 527 635 578 expugnari
658 525 721 565 die
742 524 913 575 sequenti
933 524 1059 575 posse:
1091 536 1180 562 cum
1196 554 1208 571 ‚
1223 526 1338 563 noete
1358 524 1556 573 interjecta
1567 552 1587 572 ,,

288 589 397 630 Poeni
415 619 427 637 ,
448 588 541 628 licet
567 588 671 627 farne
691 585 899 637 multisque
925 595 1106 637 praeterea
1125 585 1408 626 calamitatibus
1432 596 1583 639 preme-

289 659 442 697 rentur,
467 649 709 700 perditorum
731 647 936 686 hominum
961 648 1144 686 emittunt
1164 659 1347 690 manum:
1366 659 1445 686 non
1463 655 1582 695 terra,

289 717 478 767 quoniam
510 715 637 754 aditus
667 713 720 752 ibi
754 726 843 752 non·
861 721 968 761 erat,
1004 725 1129 762 neque
1164 711 1347 760 navibus,
1374 709 1513 762 quibus
1540 709 1583 749 in

289 780 389 818 mari
413 777 556 818 vadoso
575 779 764 816 incertum
781 775 878 825 iter;
902 775 967 813 sed
985 774 1123 825 globus
1141 775 1335 814 nudorum
1351 773 1581 820 hominum,

289 855 414 893 neque
435 841 542 881 aliud
556 872 567 888 ,
581 850 719 891 praeter
741 840 869 887 faces,
894 851 942 877 ne
964 837 1033 877 has
1059 838 1218 888 quidem
1239 836 1432 884 incensas,
1458 835 1584 875 feren-

290 907 416 953 tium,
438 918 487 944 ne
516 903 604 943 luce
629 910 789 942 conatus
816 901 1066 952 proderetur,
1089 912 1195 939 mare
1219 898 1395 951 ingressi,
1419 911 1492 949 qua
1513 910 1579 937 ne-

291 979 359 1006 mo
374 979 607 1017 quemquam
625 972 913 1016 penetraturum
929 962 1003 1001 effe
1029 961 1246 1002 crediderat
1259 991 1270 1008 ,
1292 968 1337 999 ut
1361 959 1520 1011 quisque
1539 959 1582 999 in

291 1029 429 1068 alciora
455 1037 521 1067 aut
550 1026 782 1077 depreffiora
806 1024 894 1063 loca
924 1021 1138 1070 incidiffet,
1168 1020 1334 1071 pedibus
1364 1028 1432 1060 aut
1449 1019 1582 1059 nando

291 1089 629 1138 transmittebant,
646 1089 771 1128 donec
792 1086 842 1125 ad
857 1085 986 1124 locum
1000 1114 1013 1132 ,
1027 1084 1092 1123 ubi
1110 1082 1296 1122 machinae
1311 1082 1583 1128 stabant,ven-
1640 1110 1644 1113 ,

291 1162 389 1192 tum.
412 1152 466 1191 ibi
492 1150 671 1190 suscitato
696 1151 808 1200 igne,
831 1146 1072 1197 accensisque
1097 1145 1273 1193 facibus,
1299 1144 1348 1183 ad
1381 1142 1582 1184 machinas

291 1216 554 1256 incendendas
578 1214 728 1264 impetu
758 1209 975 1263 provolant.
1004 1209 1141 1247 eadem
1160 1220 1276 1258 opera
1293 1205 1492 1258 conspicui
1513 1203 1584 1244 ho-

291 1279 409 1318 stibus
431 1278 523 1317 facti
539 1307 550 1325 ,
565 1276 700 1316 multis
719 1271 942 1313 vulneribus
963 1269 1214 1320 excipiuntur
1226 1297 1237 1316 ,
1251 1279 1342 1306 cum
1357 1267 1420 1306 vix
1435 1265 1557 1304 ullum
1569 1294 1582 1314 ,

293 1351 337 1378 ut
352 1341 391 1378 in
412 1338 516 1377 nuda
531 1349 712 1387 corpora,
728 1335 877 1373 irritum
893 1331 1016 1371 telum
1037 1329 1200 1368 caderet.
1229 1328 1304 1368 Sed
1320 1327 1402 1379 ipfi,
1423 1325 1502 1366 sola
1519 1326 1584 1365 de-

293 1400 509 1451 speratione
535 1398 694 1446 armati,
719 1396 963 1444 ferarumque
989 1403 1096 1430 more
1121 1391 1162 1429 in
1189 1389 1330 1428 ferrum
1355 1391 1391 1429 ἃ
1416 1395 1584 1427 mortem

293 1472 471 1509 ruentes,
497 1473 576 1499 non
595 1459 743 1497 minora
767 1455 890 1504 mala,
914 1466 1030 1505 quam
1052 1451 1322 1502 patiebantur,
1350 1449 1582 1489 inferebant.

293 1537 419 1573 neque
462 1521 681 1569 discessere,
719 1520 845 1559 donec
885 1515 1077 1556 machinis
1114 1513 1392 1564 concrematis,
1430 1520 1583 1552 tantum

294 1595 477 1638 praeterea
498 1594 683 1624 terrorem
710 1580 896 1623 Romanis
911 1573 1147 1629 injecerunt,
1171 1585 1216 1616 ut
1240 1575 1382 1625 multi,
1397 1582 1584 1625 tanquam

293 1647 436 1686 uuiissis
461 1646 573 1686 rebus
589 1677 599 1696 ,
622 1645 758 1696 fugam
780 1642 932 1683 inirent.

348 1719 460 1758 XIX.
475 1717 604 1769 Scipio
621 1748 632 1766 ,
653 1724 758 1755 metu
781 1713 937 1764 majoris
952 1711 1214 1760 incommodi,
1236 1723 1323 1749 cum
1340 1707 1498 1749 delectis
1514 1706 1584 1746 ob-

294 1785 495 1832 equitans,
523 1782 612 1832 quia
637 1782 772 1832 fugam
800 1778 908 1818 aliter
931 1777 1052 1817 sistere
1079 1788 1158 1814 non
1185 1782 1360 1825 poterat,
1386 1773 1582 1824 fugientes

294 1857 366 1895 pro
384 1843 553 1883 hostibus
576 1843 671 1882 caedi
693 1841 809 1892 juffit.
834 1841 908 1889 ita,
924 1839 1057 1890 paucis
1082 1831 1313 1884 interfecftis,
1338 1833 1482 1886 reliqua
1502 1842 1581 1872 tur-

296 1904 346 1943 ba
368 1906 407 1943 in
433 1905 549 1944 castra
568 1905 742 1952 redafta,
763 1910 886 1941 totam
913 1900 1054 1940 deinde
1076 1900 1231 1938 noctem
1257 1902 1394 1950 (tanta
1411 1902 1492 1935 erat
1505 1901 1578 1933 tre-

296 1967 478 2019 pidatio)
507 1968 545 2006 in
568 1968 681 2006 armis
707 1966 855 2016 exegit,
882 1963 987 2003 nulla
1016 1974 1188 2012 unquam
1216 1959 1358 2000 fiducia
1387 1957 1582 2005 hostium,

297 2038 484 2080 quantum
506 2042 610 2068 nunc
634 2029 898 2080 desperatione
920 2025 1099 2067 omnibus
1125 2023 1323 2063 exterritis.
1350 2023 1399 2062 At
1419 2019 1475 2060 illi
1501 2019 1583 2059 suc.-

297 2091 400 2132 cessa
415 2091 509 2139 laeti,
527 2090 717 2130 machinis
741 2089 929 2140 corruptis
941 2120 952 2137 ,
966 2088 1118 2135 eadem,
1134 2098 1208 2135 qua
1221 2090 1418 2132 venerant,
1430 2082 1491 2122 via
1511 2081 1582 2121 do-

298 2168 384 2195 mos
408 2154 679 2205 repetiverunt.
704 2152 916 2193 Affirmavit
938 2153 967 2190 is
997 2149 1104 2189 casus
1134 2147 1284 2200 Polybii
1310 2144 1581 2198 prudentiam,

300 2217 381 2267 qui,
404 2215 688 2263 animadverso,
702 2214 798 2254 locis
814 2214 860 2253 iis
874 2212 1063 2254 vadosum
1086 2224 1190 2251 mare
1210 2209 1308 2257 effe,
1328 2220 1367 2247 ut
1385 2207 1504 2246 tribuli
1519 2216 1583 2244 aut

298 2294 324 2317 a
353 2278 424 2316 &res
436 2279 563 2331 fhrreis
587 2277 704 2316 clavis
731 2277 927 2323 horrentes,
951 2277 1001 2313 ad
1017 2274 1265 2327 prohibendum
1292 2269 1444 2324 hostilem
1469 2267 1582 2306 incur-

299 2342 372 2391 sum
396 2340 640 2394 injicerentur,
659 2337 834 2378 suaserat.
860 2338 909 2378 ld*
927 2337 1131 2380 consilium
1151 2348 1230 2377 non
1255 2331 1437 2378 vecordia
1458 2329 1584 2382 asper-

346 2475 371 2521 S
397 2475 518 2511 XVIII.
543 2474 662 2508 riorus
692 2485 724 2516 2,
748 2483 798 2517 15.
819 2472 966 2518 Appiam.
