1673 3052
239 191 321 237 {N
355 190 932 238 Loc.L113.xL1x
969 191 1114 239 LIV.
1272 204 1359 252 33¹

78 296 211 337 scendi
230 283 319 349 quae
353 296 598 347 afferrentur,
626 299 825 350 postquam
849 299 984 338 moesto
1009 297 1117 338 vultu
1142 297 1365 338 incedentes

78 360 200 406 vidit,
227 361 397 399 frontem
414 359 594 399 manibus
620 360 770 410 pulsans
784 392 795 409 ,
811 361 934 401 modo
950 361 998 401 ab
1024 361 1206 401 universis
1219 391 1230 410 ,
1245 361 1366 401 modo

78 433 103 460 a
122 421 299 473 fingulis‚
314 432 358 461 ut
383 421 595 472 quibusque
617 422 876 471 familiaritas,
892 433 958 464 aut
982 425 1116 464 notitia
1135 432 1239 473 erat,
1262 424 1368 475 quod

78 485 211 523 actum
231 483 324 523 effer
338 514 352 530 ,
379 483 635 533 requirebant.
672 486 726 525 Ut
745 498 834 525 vero
859 486 1056 537 respondit
1080 500 1220 536 nemo,
1239 486 1368 537 ipsum

78 543 160 585 hoc
181 544 373 585 silentium
395 558 464 596 pro
488 546 670 586 diriffimo
694 548 830 587 nuntio
853 548 1110 599 accipientes,
1134 557 1178 588 ut
1202 558 1307 588 certo
1327 550 1368 588 in

81 606 203 646 exitio
214 606 510 659 complorabant
522 621 533 648 z
544 621 709 658 quorum
719 610 851 649 audito
866 610 1025 661 gemitu,
1040 611 1104 661 qui
1119 611 1158 650 in
1176 610 1369 652 moenibus

82 669 352 719 constiterant,
375 671 563 722 quidquid
584 671 802 722 afferretur,
820 673 1002 714 acerbum
1024 674 1098 713 esse
1117 675 1370 726 interpretati,

78 733 164 782 pari
184 733 298 784 &ipsi
314 732 420 775 lustu
433 734 698 775 insonuerunt.
715 735 801 784 jam
820 750 908 776 vero
927 737 1126 788 postquam
1148 738 1197 777 ad
1218 748 1370 788 portam

82 801 258 842 ventum,
270 793 366 833 adeo
382 794 495 834 densa
508 794 682 834 incubuit
695 795 818 845 turba,
830 804 873 835 ut
884 811 993 848 paene
1005 797 1221 837 conculcati
1232 797 1371 838 lacera-

83 856 189 906 tique
210 857 308 896 inter
332 858 593 910 diripientium
606 861 992 912 percontantiumque
1003 874 1138 901 manus
1153 860 1267 912 legati
1288 862 1371 901 fue.

80 918 162 956 rint
178 933 187 957 :
217 918 359 966 donec,
367 919 510 971 senatui
516 921 620 972 prius
634 921 840 970 indicanda,
856 937 929 975 quae
937 923 1080 975 firrent,
1094 923 1371 963 exclamarunt.

83 980 224 1020 Statim
241 979 435 1020 discedere
448 981 511 1019 via
525 979 698 1031 plerique
714 996 722 1021 :
743 996 829 1032 pars
844 982 943 1022 ultro
960 982 1185 1023 submovere
1200 983 1372 1023 restitan-

83 1039 230 1088 tes,‘ut
258 1053 304 1080 eo
328 1040 490 1080 celerius
509 1041 693 1082 defiderio
710 1042 777 1083 suo
793 1044 1000 1085 satisfieret.
1018 1045 1130 1085 Ibant
1144 1044 1260 1096 legati
1283 1058 1372 1085 mo-

84 1103 136 1142 do
150 1103 288 1154 capita
308 1103 511 1152 ferientes,
540 1105 658 1144 modo
692 1104 849 1146 sublatis
873 1107 914 1147 in
940 1107 1084 1147 coelum
1111 1109 1290 1148 manibus
1314 1109 1374 1149 in-

85 1173 271 1205 vocantes
302 1166 493 1217 quidquid
522 1167 694 1206 Deorum
717 1167 756 1206 in
779 1176 950 1208 mentem
966 1177 1126 1209 venerat
1149 1184 1157 1210 :
1185 1171 1310 1210 donec
1332 1170 1373 1210 in

84 1227 260 1268 senatum
275 1227 530 1280 introgreffis,
547 1228 693 1281 illoque
715 1231 952 1282 confidente,
974 1230 1155 1273 submota
1179 1234 1292 1274 turba
1308 1246 1371 1273 cu*

85 1290 181 1331 riam
206 1291 466 1331 circumstetit.

144 1353 301 1395 XXXI.
328 1353 455 1403 Tum,
483 1354 599 1407 legati
627 1363 670 1396 ut
697 1358 863 1408 primum
889 1358 1145 1410 exposuerunt
1171 1358 1373 1399 consulum

87 1414 209 1465 justa,
233 1415 379 1456 clamor
401 1425 507 1456 ortus
535 1415 588 1456 est
610 1418 650 1457 in
677 1419 802 1468 curia,
828 1420 892 1470 qui
917 1420 1039 1460 statim
1060 1420 1152 1459 foris
1179 1433 1199 1458 a
1224 1419 1372 1470 populo

89 1487 272 1530 exceptus
298 1480 518 1532 (metusque.
544 1479 619 1520 illis
645 1481 787 1521 deinde
811 1495 961 1522 narrare
985 1481 1254 1534 pergentibus,
1277 1481 1374 1532 quid

87 1540 156 1591 ipfi
183 1553 253 1591 pro
282 1542 367 1590 jure
397 1540 660 1592 Carthaginis,
688 1550 755 1581 aut
785 1541 1052 1582 misericordiae
1082 1542 1283 1582 movendae
1309 1555 1374 1581 re·

88 1600 326 1651 spondiss'ent
339 1632 351 1651 ,
374 1602 588 1653 quibusque
602 1603 729 1643 verbis
743 1604 894 1644 veniam
912 1604 1110 1644 mittendae
1125 1604 1296 1644 Romam
1315 1602 1374 1642 le·

91 1661 256 1711 gationis
275 1661 460 1712 oraffe11t3
483 1663 621 1703 iterum
643 1663 763 1703 altum
781 1664 819 1703 in
835 1666 939 1704 curia
959 1665 1150 1704 silentium
1171 1671 1273 1713 erat,
1291 1664 1376 1703 uni..

91 1724 204 1764 verfis
220 1725 365 1764 exitum
383 1726 435 1766 rei
450 1727 560 1767 anxia
581 1728 708 1778 quiete
733 1729 1035 1780 opperientibus.
1078 1729 1126 1769 ad
1147 1728 1223 1768 hoc
1244 1741 1375 1768 exem·

91 1783 202 1836 plum
229 1787 265 1826 ἅ
285 1786 489 1827 COnfistenS
508 1789 548 1827 in
566 1788 650 1827 foro
674 1788 782 1839 plebs
806 1790 969 1831 tacebat.
995 1792 1046 1831 Ut
1066 1804 1154 1830 vero
1171 1791 1374 1841 cognitum

90 1845 167 1895 est,
187 1859 236 1886 ne
260 1846 460 1898 legationis
486 1849 643 1900 quidem
669 1850 913 1901 impetratam
938 1852 1162 1903 potestatem
1192 1851 1287 1900 esse,
1309 1853 1373 1891 de-

92 1921 171 1948 nuo
186 1909 331 1960 ingenti
352 1910 497 1961 ejulatu
518 1913 620 1952 curia
641 1914 859 1964 personuit3
877 1928 952 1966 quo
969 1915 1136 1954 excitata
1152 1914 1276 1965 plebs,
1292 1928 1373 1954 non

93 1969 191 2010 ultra
208 1970 432 2012 dilationem
448 1973 586 2022 ferens,
605 1975 791 2025 irrupit&
813 1976 892 2026 ipsa
904 2007 915 2022 ,
935 1976 1160 2027 impetuque
1177 1978 1211 2016 δε
1227 1977 1374 2025 furore,

91 2031 217 2083 qualis
233 2032 507 2074 bacchantium
522 2035 726 2076 mulierum
745 2036 818 2076 esse
834 2037 929 2076 solet
942 2068 952 2085 ,
970 2040 1107 2079 cuneta
1122 2038 1352 2089 permiscuit.

156 2101 330 2142 XXXII.
366 2103 457 2143 Non
483 2105 588 2144 enim
614 2107 694 2154 jam
720 2105 800 2145 ullo
830 2106 1026 2158 dignitatis
1053 2115 1119 2147 aut
1147 2109 1373 2149 meritorum

92 2159 266 2211 respectu
297 2161 472 2213 reliquo,
503 2166 658 2215 quidam
692 2167 927 2208 invadebant
953 2171 1127 2209 auctores
1153 2169 1344 2209 sententiae
1361 2200 1374 2218 ,

94 2236 169 2274 qua
191 2224 338 2264 obfides
362 2236 468 2267 erant
495 2229 601 2269 dati:
625 2231 818 2284 primosque
837 2233 971 2282 lzoslilis
992 2233 1065 2272 doli
1089 2234 1290 2272 architee‘los
1314 2235 1377 2272 in·

95 2294 294 2336 crepantes
310 2289 597 2338 excruciabant,
619 2290 923 2344 lacerabantque.
952 2294 1017 2346 alii
1044 2295 1125 2346 pari
1150 2294 1377 2335 crudelitate

94 2347 287 2387 vexabant
299 2361 390 2399 e05‚
414 2351 479 2401 qui
504 2365 607 2392 arma
628 2354 813 2396 tradenda
839 2356 1075 2399 censuerant.
1100 2369 1173 2398 nec
1191 2357 1372 2407 deerant,

137 2479 162 2524 5
193 2477 302 2518 XXX,
322 2480 465 2517 Diodor.
487 2483 635 2529 Appiam.
