1673 3052
98 244 103 262 Ι
294 180 377 233 IN
423 182 586 232 LOC.
633 181 771 228 LIB.
826 179 928 226 LII
981 179 1128 226 LIV.
1282 196 1377 241 409

99 291 477 342 Meffeniorumque,
507 284 542 329 ἃ
566 287 797 329 Patrensium
824 287 961 327 flebilis
986 295 1068 326 erat
1092 286 1280 326 conditio.
1317 285 1380 326 Illi

99 363 210 396 metu
234 353 513 403 torquebantur
525 367 538 398 ,-
560 365 632 400 ne,
657 351 705 390 ad
733 363 836 388 mare
855 349 1016 398 objec‘tis
1040 349 1280 399 regionibus,
1297 347 1381 399 pri-

101 428 213 454 mum
241 414 406 454 consulis
430 414 612 454 Mummii
638 425 728 452 cum
753 411 864 451 classe
887 412 1074 450 venientis
1101 411 1292 462 impetum
1319 423 1381 448 ex-

101 477 232 528 cipere
256 487 495 527 cogerentur.
522 474 711 515 Patrenses
725 506 737 521 ,
751 487 840 513 cum
856 474 1112 522 circumjectis
1127 474 1278 523 oppidis
1293 504 1303 521 ‚
1320 485 1383 511 ac·

81 546 216 587 cepta
242 537 370 577 clades
392 539 577 587 fregerat,
608 549 746 587 magna
781 546 890 586 parte
922 536 1134 584 juventutis
1170 536 1210 573 in
1244 533 1382 586 proelio

101 598 246 641 amissa.
262 608 444 649 tantaque
459 597 531 636 illis
551 597 648 636 locis
670 596 920 636 consternatio
942 595 1039 643 fuit,
1058 606 1102 634 ut
1120 594 1230 634 multi
1239 607 1385 634 -necem

103 661 174 701 fibi
189 660 489 707 consciscerent,
512 661 549 698 in
571 669 732 710 puteos,
753 667 819 697 aut
843 671 890 698 ex
913 658 1130 709 praecipitiis
1148 658 1385 706 deliliente33

103 723 233 775 plures
253 723 467 762 desererent
482 722 646 772 patriam
659 753 670 770 ‚
684 734 764 760 non
778 723 868 771 quia
880 751 891 769 ,
904 720 971 759 ubi
986 720 1102 759 vitam
1117 722 1238 760 ac‘tnri
1254 721 1387 769 effent,

104 784 269 833 scirent,
295 783 361 823 sed
387 783 475 834 quia
506 782 600 822 scire
625 782 871 830 videbantur,
902 784 943 820 in
967 783 1087 832 patria
1112 782 1149 822 se
1174 796 1253 821 non
1282 783 1387 834 poffe

105 847 248 885 vivere.
273 846 388 886 Erant
406 876 416 893 ‚
438 845 502 896 qui
524 845 573 884 ad
596 845 790 884 Romanos
812 843 1172 894 proficiscebantur,
1190 845 1253 884 alii
1270 845 1387 892 alios,

84 941 86 943 .
107 917 153 948 ut
174 911 346 949 auetores
360 920 549 947 novarum
571 920 720 955 rerum,
743 905 984 954 accusante83
1005 919 1053 944 ne
1065 906 1288 957 propinquis
1306 908 1388 957 qui-

87 1002 92 1006 .
110 972 200 1010 dem
222 977 402 1022 parcente
423 980 558 1009 metu:
585 983 805 1020 quanquam
827 982 943 1009 nemo
967 978 1068 1018 erat,
1082 971 1148 1020 qui
1173 969 1300 1010 adhuc
1322 981 1389 1010 aut

108 1032 280 1082 exigeret
301 1030 537 1070 delationem
551 1061 562 1079 ,
586 1041 652 1070 att
677 1032 921 1082 quaestionem
942 1039 1147 1072 exerceret.

163 1100 247 1140 VII.
275 1101 412 1150 Neque
436 1099 663 1140 alia'rerum
687 1101 791 1151 apud
814 1099 1022 1140 Thebanos
1045 1100 1163 1140 facies
1183 1108 1290 1149 erat3
1319 1101 1391 1140 im.

109 1176 178 1203 mo
201 1162 398 1213 aliquanto
422 1163 584 1212 foedior,
612 1163 701 1214 quia
727 1163 966 1212 fugientibus
989 1164 1166 1203 universis
1193 1177 1310 1203 vacua
1331 1174 1392 1203 ur-

110 1224 171 1265 bis
196 1223 508 1264 aedificia'relifta
534 1225 698 1264 fuerant.
730 1225 835 1265 Inter
857 1237 1003 1265 ceteros
1033 1228 1070 1265 ἃ
1093 1225 1276 1276 Pytheas,
1301 1239 1392 1264 cum

111 1295 232 1325 uxore
261 1284 462 1334 liberisque
491 1286 532 1323 in
558 1285 731 1324 exfilium
769 1286 985 1336 profectus,
1013 1294 1095 1326 tota
1126 1286 1388 1337 Peloponneso

111 1346 329 1387 oberrabat.
355 1347 537 1388 Metellus
569 1349 671 1387 enim
688 1349 816 1398 ,caesis
840 1350 942 1399 apud
974 1349 1223 1389 Chaeroneam
1240 1350 1392 1389 Arcadi·

113 1411 213 1461 bus,
234 1411 284 1451 ad
307 1410 463 1451 Thebas
486 1423 576 1450 cum
599 1413 769 1450 exercitu
794 1412 937 1451 victore
959 1413 1177 1452 accedebat.
1212 1414 1301 1463 Quo
1324 1413 1392 1452 ubi

113 1459 306 1527 pervenit,
328 1474 512 1514 laudabili
539 1475 826 1514 mansuetudine
851 1475 963 1524 usus,
991 1488 1071 1514 non
1093 1475 1248 1526 templis
1272 1476 1391 1515 modo

116 1537 371 1589 domibusque
394 1539 587 1588 pepercit,
618 1537 681 1576 sed
710 1539 826 1577 etiam
855 1549 1088 1588 quemquam
1116 1536 1395 1578 Thebanorum

88 1594 96 1630 Ϊ
107 1598 178 1638 vvel
201 1606 420 1638 manentem
443 1600 596 1648 occidi,
622 1600 682 1638 vel
707 1600 919 1650 fugientem
945 1600 1031 1650 capi
1055 1600 1201 1647 vetuit,
1225 1614 1303 1640 uno
1327 1601 1395 1652 Py-

116 1660 206 1699 thea
234 1669 417 1711 excepto,
444 1673 561 1710 quem
583 1663 633 1698 ad
652 1663 693 1714 fi
723 1661 849 1699 adduci
879 1660 1006 1710 justit,
1031 1662 1222 1713 ubicunque
1245 1673 1394 1714 repertus

116 1722 206 1775 ψῃ
231 1723 439 1775 captusque
461 1724 492 1762 is
524 1724 607 1774 post
631 1723 788 1774 aliquod
820 1731 996 1775 tempus,
1028 1722 1218 1774 supplicio
1256 1725 1391 1775 capitis

115 1784 302 1825 scelerum
317 1786 472 1825 suorum
487 1786 697 1837 furorisque
711 1799 842 1836 poenas
865 1786 948 1825 luit.
969 1784 1114 1826 Thebis
1139 1787 1299 1837 receptis
1315 1818 1326 1835 ‚
1345 1786 1396 1826 ad

115 1847 422 1899 Peloponnesum
438 1849 633 1889 Romanus
655 1850 843 1888 convertit
866 1850 947 1888 iter.
968 1851 1125 1899 jamque
1146 1849 1313 1900 Megaris
1330 1863 1398 1900 ap-

117 1912 423 1963 propinquabat,
446 1925 536 1952 cum
551 1912 792 1959 Alcamenes,
809 1925 856 1951 ne
876 1921 1020 1951 tentata
1044 1911 1200 1961 quidem
1216 1911 1318 1951 urbis
1333 1912 1397 1950 de-

96 2015 99 2018 ,
117 1972 308 2022 fenfione‚
324 1985 413 2013 cum
434 1973 610 2024 praefidio
634 1973 701 2012 suo
722 1972 952 2013 Corinthum
971 1973 1010 2011 in
1032 1972 1146 2011 castra
1170 1973 1396 2012 Achaeorum

117 2034 158 2076 se
177 2036 336 2086 recepit.
361 2035 605 2087 Megarenses
631 2035 766 2075 urbem
788 2035 861 2074 line
888 2036 1097 2075 certamine
1123 2035 1364 2074 dediderunt.

189 2106 294 2148 VIII.
325 2107 412 2155 Jam-
437 2109 472 2148 &
493 2107 619 2146 Diaeus
651 2106 880 2146 Corinthum
903 2114 1087 2145 venerat:
1118 2119 1242 2155 neque
1270 2103 1395 2144 multo

120 2168 205 2220 post
226 2168 410 2208 accessere
431 2169 526 2208 miffi
551 2182 573 2208 a
593 2168 754 2209 Metello
781 2168 1028 2207 Andronidas
1054 2169 1088 2207 ἃ·
1111 2167 1250 2217 Lagius
1274 2169 1308 2206 ἃ
1325 2169 1394 2206 Ar-

121 2229 310 2280 chipPUS,
339 2230 409 2269 viri
434 2229 602 2278 nobiles,
631 2236 674 2268 ut
704 2230 751 2268 ad
779 2242 915 2280 pacem
937 2228 1206 2279 accipiundum
1237 2227 1397 2266 Achaeos

97 2290 372 2332 hortarentur.
404 2293 549 2342 Magno
583 2293 688 2331 enim
717 2291 838 2330 studio
875 2290 1057 2332 Metellus
1087 2289 1245 2340 agebat,
1275 2290 1298 2328 fi
1322 2302 1398 2339 qua

116 2361 208 2394 ante
229 2352 394 2392 consulis
419 2353 628 2392 adventum
653 2363 886 2402 componere
902 2364 960 2391 res
984 2350 1138 2400 Achajae
1159 2349 1294 2402 poffet.
1320 2351 1397 2390 Ne-

164 2484 187 2528 §
211 2483 271 2519 V1.
293 2482 434 2517 Pausan.
459 2481 578 2527 Polyb.
602 2482 623 2527 §
645 2481 720 2517 V11.
745 2480 886 2516 Pausan.
911 2480 1030 2526 Polyb.
