1673 3052
303 202 364 246 62
663 197 1225 257 T1T1L1v11

300 305 471 356 affensu
501 305 818 354 succlamatum
847 304 981 363 effet3
1010 320 1105 353 tum
1136 323 1252 354 vero
1281 321 1332 354 ea
1357 302 1588 359 vocifera-

300 382 370 428 tio
390 417 404 438 ,
435 381 562 426 fimul
596 378 928 443 indignantium
964 378 1358 445 minitantiumque
1377 417 1392 440 ,
1425 384 1589 444 partim

301 452 555 517 jubentium
582 451 757 498 bonum
793 451 996 498 animum
1033 451 1192 498 habere
1219 466 1397 516 regem,
1426 460 1590 500 exorta

303 525 396 582 est,
423 535 471 571 ut
500 520 636 570 finem
665 524 845 570 dicendi
866 523 1044 572 faceret.
1073 537 1246 572 tantum
1271 524 1391 587 juffis
1417 525 1472 574 ad
1506 526 1590 574 iter

304 613 488 658 parare,
521 595 637 657 (jam
671 596 791 643 enim
819 596 939 654 dici,
973 613 1164 644 movere
1191 597 1329 645 castra
1358 599 1416 646 ab
1436 601 1590 664 Nym-

303 670 437 732 phaeo
472 667 738 733 Romanos)
779 669 1006 726 concione
1034 669 1231 729 dimissa,
1264 671 1322 717 ad
1349 673 1590 720 audiendas

302 743 551 806 legationes
584 741 822 790 civitatum
861 742 1145 789 Macedoniae
1184 741 1226 789 se
1256 744 1466 792 contulit.
1506 761 1590 792 ve-

305 828 466 864 nerant
487 828 634 863 autem
655 817 710 863 ad
728 815 943 879 pecunias
958 852 971 875 ‚
992 833 1077 878 pro
1096 815 1379 864 facultatibus
1399 834 1591 882 quaeque

301 889 390 936 suis
406 925 419 946 ,
441 890 491 936 ὅς
512 888 790 935 frumentum
810 887 1122 953 pollicendum
1152 889 1208 936 ad
1227 889 1408 938 bellum.
1427 893 1591 939 Omni·

301 965 385 1011 bus
419 963 570 1027 gratiae
603 963 709 1009 actae
729 998 743 1017 ‚
779 962 1003 1009 remissum
1035 963 1276 1019 omnibus;
1308 963 1409 1012 satis
1443 966 1592 1029 regios

301 1049 540 1100 apparatus
556 1035 612 1082 ad
639 1051 691 1082 ea
717 1034 885 1082 dictum
916 1033 1143 1082 sufficere:
1175 1037 1383 1084 vehicula
1416 1049 1590 1085 tantum

301 1107 517 1170 imperata
534 1143 547 1165 ,
581 1118 631 1153 ut
663 1118 890 1153 tormenta
909 1142 924 1166 ‚
957 1107 1244 1171 telorumque
1269 1108 1495 1155 miffilium
1521 1111 1589 1156 in·

301 1193 483 1245 gentem
506 1180 604 1228 vim
621 1193 916 1243 praeparatam
933 1216 947 1237 ‚
968 1180 1270 1244 bellicumque
1290 1181 1411 1228 aliud
1429 1181 1590 1228 instru-

301 1265 505 1300 mentum
539 1252 774 1300 veherent.
820 1252 1052 1299 Profectus
1083 1252 1188 1298 inde
1222 1264 1326 1298 toto
1359 1252 1590 1313 exercitu,

302 1326 537 1372 Eordaeam
574 1338 758 1387 petens,
788 1326 844 1372 ad
876 1323 1186 1389 Begorritem,
1217 1342 1352 1389 quem
1386 1339 1588 1384 vocant,

303 1397 453 1444 lacum
480 1398 636 1460 positis
665 1398 814 1446 castris
833 1434 847 1457 ,
883 1398 1065 1461 postero
1095 1396 1166 1443 die
1202 1397 1249 1443 in
1289 1397 1502 1446 Elimeam
1532 1399 1589 1446 ad

303 1471 600 1517 Haliacmona
625 1470 817 1519 fluvium
853 1469 1080 1534 proceffit.
1117 1470 1297 1517 Deinde
1320 1471 1430 1519 saltu
1449 1490 1590 1537 angu-

304 1545 375 1591 sto
401 1543 615 1607 superatis
647 1544 909 1601 montibus,
939 1560 1057 1608 quos
1083 1543 1363 1591 Cambunios
1386 1559 1588 1604 vocant,

303 1617 531 1665 descendit
548 1619 602 1665 ad
620 1618 871 1681 (Tripolim
893 1619 1085 1678 vocant)
1107 1619 1303 1663 Azorum
1316 1653 1329 1676 ,
1345 1618 1558 1683 Pythium
1571 1655 1587 1677 ‚

303 1693 354 1738 δε
376 1691 607 1738 Dolichen
634 1691 897 1739 incolentes.
924 1692 1033 1736 Haec
1065 1689 1151 1736 tria
1179 1689 1347 1752 oppida
1367 1688 1589 1754 paulisper

303 1768 503 1813 cunilam
519 1803 532 1824 ,
562 1766 668 1831 quia
686 1766 858 1814 obfides
876 1764 1090 1812 Lariffaeis
1110 1765 1352 1823 dederant,
1374 1766 1491 1812 vieta
1521 1779 1588 1812 ta-

302 1857 408 1886 men
440 1840 641 1904 praesenti
672 1852 828 1898 metu,
864 1839 912 1886 in
945 1838 1220 1885 deditionem
1259 1839 1589 1888 concesserunt.

304 1912 505 1977 Benigne
524 1913 591 1960 his
610 1913 866 1977 appellatis,
881 1912 999 1958 haud
1017 1910 1180 1958 dubius
1191 1911 1454 1958 Perrhaebcs
1472 1925 1590 1976 quo-1

303 2003 391 2048 que
410 1986 525 2031 idem
546 1986 741 2034 {aeluros
758 2019 772 2043 ‚
798 1986 955 2032 urbem
970 2020 984 2043 ‚
1012 1983 1127 2029 nihil
1149 1983 1389 2041 cunctatis,
1414 1985 1493 2049 qui
1515 1985 1588 2030 in·

304 2057 546 2115 colebant,
578 2058 727 2120 primo
751 2060 951 2106 adventu
982 2055 1155 2118 recipit.
1192 2055 1403 2118 Cyretias
1433 2073 1588 2120 oppu-

302 2148 438 2195 gnare
474 2132 679 2188 coachis,
707 2132 855 2195 primo
887 2130 1022 2177 etiam
1054 2129 1126 2175 die
1162 2129 1250 2175 acri
1279 2130 1502 2177 concursu
1533 2131 1589 2178 ad

303 2217 458 2268 portas
489 2219 760 2252 armatorum
780 2205 842 2252 est
868 2203 1091 2267 repulsus:
1125 2202 1308 2264 postero
1338 2203 1409 2249 die
1438 2204 1591 2249 omni-

307 2279 391 2325 bus
422 2278 567 2341 copiis
594 2279 806 2339 adortus,
829 2279 875 2325 in
895 2277 1172 2326 deditionem
1202 2292 1359 2323 omnes
1384 2290 1486 2324 ante
1504 2294 1590 2326 no-

305 2354 419 2400 &em
449 2353 638 2415 accepit.

374 2427 487 2472 LIV.
515 2426 657 2489 Mylae
674 2461 687 2481 ‚
707 2423 969 2486 proximum
991 2422 1210 2486 oppidum
1225 2457 1238 2480 ‚
1265 2420 1326 2468 ita
1344 2419 1591 2478 munitum,

303 2509 356 2545 ut
379 2497 746 2561 inexsuperabilis
775 2495 1048 2544 munimenti
1078 2495 1173 2559 spes
1195 2493 1368 2542 incolas
1388 2491 1587 2540 ferocioa
