1673 3052
114 139 125 163 Χ

281 179 833 230 HisroniARUM
864 182 986 231 Lm.
1019 182 1185 231 xmv.
1275 199 1363 250 ¹55
1407 170 1413 176 ’

79 286 128 336 in
149 285 542 352 postmeridianam
573 288 810 338 succedere
840 290 953 338 alios
977 290 1126 355 juffit:
1160 291 1224 339 ita
1248 305 1369 340 nun⁴

79 377 216 425 quam
236 360 440 425 fatigatos
473 379 628 410 recens
650 363 789 410 hostis
809 365 987 427 aggredi
1008 376 1202 427 poterat.

142 436 366 489 XXXIV.
401 437 513 483 Haec
540 452 642 482 cum
676 436 738 483 ita
764 435 864 483 fieri
893 437 1099 499 placere,
1134 437 1368 486 concione

80 506 306 554 advocata
325 539 340 562 ,
365 506 722 571 pronuntiasset,
756 507 918 570 adjecit
946 509 1130 556 urbanae
1146 508 1369 557 concioni

77 580 432 628 convenientem
471 580 743 628 orationem.
794 586 942 629 Unum
994 585 1275 644 imperatorem
1319 587 1370 629 ia

79 657 260 700 exercitu
274 658 489 715 providere
519 654 562 702 δ’
588 657 791 718 consulere
809 690 823 713 ‚
843 658 947 728 quid
961 659 1166 718 agendum
1189 655 1245 718 fir
1259 690 1273 713 ,
1294 659 1370 715 dq-

77 731 190 784 bere,
218 748 328 775 nunc
348 731 513 791 perse,
531 750 643 778 nunc
675 749 765 777 cum
794 732 880 789 iis,
900 749 1002 792 quos
1027 733 1296 777 advocaverit
1316 733 1365 776 irz

77 804 308 868 confilium.
352 807 423 865 qui
447 823 532 850 nort
540 805 634 868 sint
651 809 870 859 advocati,
901 824 971 852 eos
996 825 1068 852 nec
1080 811 1261 867 palam,
1287 824 1361 852 nec

65 876 226 936 ficreto
251 877 409 933 jaffare
441 877 683 941 conflias
636 879 741 938 fica.
779 881 961 924 Militem
995 881 1078 924 haec
1111 881 1194 924 tria
1225 897 1369 924 curare

80 949 241 1005 debere,
267 965 414 1008 corpus
429 964 478 994 ut
502 967 626 1009 quam
651 952 788 996 valzd
778 949 842 1013 ff
820 968 954 996 mum
975 947 1019 995 Gt
1041 970 1095 1011 pe
1077 950 1368 1014 ernicfffi'mum

80 1020 259 1074 habeat,
290 1037 411 1065 arma
443 1036 573 1079 apta,
606 1021 740 1065 cibum
759 1037 959 1080 paratum
987 1025 1050 1068 ad
1065 1024 1255 1083 subita
1237 1042 1373 1083 tmpe-

80 1093 146 1137 ria
159 1107 177 1136 .·
210 1108 336 1137 cetera
345 1092 458 1152 scire
483 1095 532 1137 de
538 1093 590 1153 se
608 1094 720 1138 Diis
748 1095 1054 1141 immortalibus
1074 1094 1374 1158 &imperatori

69 1164 157 1225 fico
188 1183 291 1217 curae
318 1163 402 1228 effi.
438 1167 485 1211 in
503 1185 582 1227 quo
600 1170 779 1212 exercitu
800 1171 982 1226 milites,
1010 1171 1182 1230 consul,
1213 1169 1258 1216 δ’
1285 1173 1374 1216 im·-

70 1253 245 1299 perator
265 1240 497 1285 rumoribus
523 1242 639 1301 vulgi
658 1242 989 1302 circumagatur,
1023 1245 1084 1288 ibi
1113 1244 1227 1289 nihil
1246 1246 1374 1304 sulu-

78 1326 166 1355 tare
193 1307 276 1373 effi.
312 1313 393 1366 Se,
427 1313 538 1371 quod
556 1311 614 1373 fic
644 1311 825 1373 officium
857 1315 1145 1374 imperatoris,
1169 1317 1373 1377 provisu-

78 1399 171 1428 rum
187 1416 202 1439 ‚
229 1397 277 1428 uc
303 1384 398 1428 bene
425 1386 606 1445 gereudae
636 1387 694 1429 rei
724 1386 973 1451 occasionem
1005 1389 1063 1432 eis
1087 1390 1279 1446 praebeat.
1316 1391 1374 1434 il-

79 1459 145 1501 los
169 1457 285 1502 nihil
298 1490 312 1514 ‚
345 1460 459 1517 quod
474 1457 671 1515 futurum
687 1457 783 1523 fit,
813 1477 1010 1519 quaerere:
1037 1463 1108 1506 ubi
1135 1463 1283 1505 datum
1303 1462 1376 1525 fi-

76 1529 274 1594 gnumsit
286 1565 303 1586 ,
327 1545 414 1577 tum
432 1533 654 1577 militarem
673 1551 840 1593 operam
864 1551 1034 1579 navare.
1073 1533 1142 1579 Ab
1163 1533 1233 1579 his
1251 1551 1372 1596 prae-

78 1600 222 1663 ceptis
257 1601 529 1649 concionem
559 1603 757 1661 dimifit3
790 1604 931 1668 vulgo
968 1605 1100 1652 etiam
1137 1609 1371 1654 veteranis

78 1671 324 1719 fatentibus
341 1709 357 1733 ‚
392 1672 434 1720 se
465 1674 547 1720 illo
581 1676 774 1738 primum
795 1676 866 1723 die
882 1714 896 1733 ‚
917 1689 1131 1741 tanquam
1159 1679 1365 1739 tirones,

80 1744 194 1807 quid
218 1746 438 1808 agendum
471 1746 575 1793 effet
615 1747 662 1794 in
690 1765 736 1795 re
769 1749 976 1808 militari,
1011 1750 1224 1798 didicisse.
1259 1754 1373 1800 Non

79 1817 363 1866 sermonibus
381 1830 556 1866 tantum
581 1821 674 1879 his,
703 1839 804 1870 cum
831 1836 1004 1886 quanto
1026 1824 1193 1871 assensu
1222 1824 1373 1872 audis-

80 1890 178 1938 sent
195 1893 335 1939 verba
354 1893 583 1954 consulis,
618 1896 938 1953 ostenderunt3
971 1898 1045 1944 sed
1074 1916 1224 1945 rerum
1254 1918 1375 1962 prae-

81 1963 181 2012 sens
204 1965 384 2026 effecius
411 1979 517 2015 erat.
550 1969 788 2016 Neminem
810 1970 919 2017 totis
938 1987 1050 2017 mox
1070 1971 1222 2024 castris
1242 1972 1375 2033 quie-

80 2046 179 2083 tum
208 2036 414 2086 videres:
447 2056 605 2087 acuere
633 2042 709 2088 alii
739 2042 936 2105 gladios:
969 2043 1044 2089 alii
1077 2044 1223 2107 galeas
1256 2045 1375 2092 buc-

81 2109 290 2174 culasque
305 2147 322 2169 ,
356 2111 478 2159 scuta
504 2113 578 2159 alii
599 2113 850 2178 loricasque
880 2127 1081 2180 tergere:
1116 2117 1191 2163 alii
1220 2132 1375 2181 aptare

79 2183 270 2246 corpori
292 2201 436 2242 arma,
462 2185 749 2251 experirique
768 2187 849 2234 sub
866 2187 932 2234 his
951 2190 1255 2236 membrorum
1276 2191 1374 2253 agi-

81 2253 280 2301 litatem:
310 2268 493 2319 quatere
524 2258 599 2304 alii
620 2259 738 2320 pila,
765 2261 841 2306 alii
866 2261 1032 2307 micare
1053 2279 1079 2324 g
1082 2263 1239 2316 lachis,
1274 2281 1375 2308 mu-

80 2343 360 2408 cronemque
398 2330 594 2378 intueri.
629 2345 680 2378 ut
716 2332 846 2380 facile
882 2334 984 2397 quis
1020 2348 1258 2390 cerneret,
1296 2336 1374 2381 ubi

82 2400 278 2462 primum
306 2401 571 2450 conserendi
602 2421 785 2450 manum
819 2424 923 2454 cum
951 2407 1078 2452 hoste
1108 2407 1207 2453 data
1237 2423 1375 2453 occa-

80 2469 150 2518 fio
180 2471 313 2533 effet,
343 2488 420 2521 aut
439 2474 630 2523 vicioria
650 2476 853 2540 egregia,
882 2489 959 2525 aut
979 2491 1125 2525 morte
1146 2494 1375 2535 memma--⁴
