1673 3052
1038 99 1041 119 l

318 187 372 218 12
669 167 1230 217 TITILIVII

309 277 644 327 Celtiberorum
663 277 916 340 legionibus
931 311 945 335 ‚
965 287 1181 335 voverat,
1203 290 1351 323 annos
1366 272 1442 322 sex
1458 273 1590 338 post;

310 368 444 414 quam
482 363 704 407 voverat,
737 348 991 395 dedicavit:
1027 349 1078 396 δε
1108 347 1307 396 scenicos
1340 346 1472 394 ludos
1505 362 1590 410 per

310 423 596 487 quatriduum
612 458 628 481 ,
660 439 801 468 unum
824 421 940 467 diem
965 420 1013 466 in
1041 420 1166 468 circo
1187 419 1307 468 fecit.
1339 421 1388 466 L.
1404 419 1587 466 Corne·
1642 459 1647 463 ,

308 497 394 545 lius
420 498 634 544 Lentulus
653 532 667 554 ‚
701 494 930 543 decemvir
954 493 1205 550 sacrorum,
1233 509 1290 540 eo
1316 509 1440 540 anno
1460 506 1589 538 mor·

308 580 414 615 tuus
441 569 513 617 est.
546 569 592 617 in
620 570 773 616 locum
798 567 892 629 ejus
920 565 1121 614 suffectus
1153 566 1208 613 A.
1233 564 1484 612 Postumius
1502 562 1588 610 Al-

308 643 454 690 binus.
490 643 775 690 Locustarum
811 654 943 688 tantae
971 641 1112 689 nubes
1145 656 1169 686 a
1197 638 1306 685 mari
1336 649 1480 686 vento
1513 648 1589 684 re-'

309 728 443 779 pente
476 716 522 762 in
551 716 759 780 Apuliam
791 714 925 761 illatae
959 713 1084 770 sunt,
1113 726 1163 760 ut
1193 710 1470 760 examinibus
1498 709 1590 757 suis

310 805 441 851 agros
470 789 554 835 late
587 789 830 850 operirent.
859 787 915 833 ad
943 803 1076 850 quam
1105 785 1269 848 pestem
1297 783 1473 848 frugum
1492 784 1588 830 tol-

307 861 486 907 lendam
508 863 594 908 Cn.
614 861 803 907 Sicinius
823 870 991 922 praetor
1011 857 1286 920 designatus3
1314 874 1416 904 cum
1441 856 1589 919 impe⁴
1606 884 1620 893 x

307 934 380 980 rio
398 934 443 980 in
464 935 674 996 Apuliam
693 934 868 990 missus,
889 930 1252 996 ingenti'agmine
1270 929 1508 977 hominum
1531 927 1589 976 ad

309 1007 586 1070 colligendas
615 1025 685 1054 eas
716 996 903 1063 coacto,
941 1005 1226 1085 aliquantum·
1251 1001 1469 1066 temporis
1499 1002 1589 1055 ab-‚

308 1079 475 1130 sumsit.
514 1081 789 1142 Principium
823 1079 1091 1142 insequentis
1124 1076 1263 1136 anni,
1292 1093 1391 1139 quo
1419 1076 1474 1124 C.
1493 1076 1590 1122 Po-

308 1152 462 1215 pillius
494 1154 544 1200 &
562 1153 609 1199 Ρ.
627 1153 767 1199 AElius
789 1151 834 1198 fu
825 1163 970 1198 erunt
997 1150 1230 1207 consules,
1260 1148 1450 1196 residuas
1472 1164 1595 1196 con-

310 1224 537 1270 tentiones
569 1241 624 1270 ex
647 1224 797 1286 priore
822 1240 941 1270 anno
968 1222 1136 1268 habuit.
1174 1222 1323 1267 Patres
1354 1218 1509 1266 referri
1533 1219 1590 1266 do

309 1295 549 1358 Liguribus
570 1295 874 1356 renovarique
897 1291 1326 1339 senatusconsultum
1343 1291 1590 1348 volebant,

313 1369 363 1414 &
384 1367 539 1413 consul
558 1367 701 1414 AElius
728 1367 960 1414 referebat.
991 1364 1209 1427 Popillius
1230 1364 1281 1411 δε.
1302 1362 1521 1426 collegam
1537 1364 1591 1411 &

312 1440 509 1486 senatum
540 1458 626 1502 pro
648 1439 780 1486 fratre
803 1439 1151 1502 deprecabatur3
1178 1453 1269 1500 prae
1289 1435 1330 1482 se
1358 1435 1531 1493 ferens,
1556 1434 1592 1482 st
1639 1435 1642 1438 ’

313 1513 393 1576 qui
423 1513 748 1571 decernerent,
786 1513 1153 1568 intercessurum,
1187 1509 1405 1572 collegam
1439 1509 1593 1554 deter-

312 1584 414 1631 ruit.
449 1584 597 1632 Patres
612 1621 628 1643 ,
651 1601 708 1630 eo
733 1583 869 1647 magis
888 1583 1067 1647 utrique
1083 1582 1245 1646 pariter
1263 1579 1497 1628 consulum
1517 1579 1591 1624 in·-

312 1657 421 1704 fcnfi
436 1694 449 1716 ‚
472 1659 516 1703 in
537 1670 693 1721 coepto
709 1657 972 1720 perstabant.
1003 1658 1181 1718 Itaque,
1201 1671 1303 1703 cum
1323 1653 1376 1700 de
1397 1652 1594 1716 provin·-

314 1732 396 1777 ciis
416 1744 618 1795 ageretur
635 1769 652 1789 ,
670 1734 719 1779 δι’
739 1731 1008 1778 Macedonia
1021 1764 1033 1785 ‚
1059 1728 1151 1791 jam
1168 1727 1428 1775 imminente
1447 1724 1594 1773 Persei

313 1805 436 1852 bello
453 1841 466 1862 ‚
503 1817 723 1866 peteretur
739 1842 754 1862 ‚
784 1804 965 1867 Ligures
997 1802 1214 1849 ambobus
1235 1799 1492 1848 consulibus
1511 1799 1594 1846 de-

315 1891 575 1924 cernuntur.
611 1878 924 1923 Macedoniam
960 1877 1220 1923 decreturos
1249 1885 1446 1937 negant,
1471 1873 1518 1919 ni
1537 1872 1593 1920 de

314 1951 379 1995 M.
415 1948 611 2012 Popillio
649 1948 900 1996 referretur.
949 1946 1276 1993 Postulantibus
1313 1944 1504 2002 deinde,
1540 1956 1593 1991 ut

316 2038 471 2068 novos
503 2021 725 2068 exercitus
759 2020 979 2076 scribere,
1012 2032 1087 2066 aut
1120 2018 1476 2082 supplementum
1509 2032 1594 2062 ve-

316 2095 482 2144 teribus
503 2095 686 2151 liceret,
712 2107 952 2157 utrumque
974 2105 1182 2157 negatum
1211 2092 1284 2139 est.
1318 2089 1598 2138 Praetoribus

316 2184 499 2230 quoque
532 2167 578 2215 in
600 2166 851 2228 Hispaniam
873 2165 1226 2239 supplementum
1247 2162 1501 2226 petentibus
1518 2177 1596 2207 ne·

317 2254 492 2304 gitum:
519 2242 582 2288 Μ
601 2239 767 2287 Junio
759 2257 804 2285 in
825 2239 1108 2295 citeriorem,
1135 2222 1207 2299 Sp.
1231 2234 1470 2282 Lucretio
1460 2252 1507 2281 m
1525 2233 1602 2280 ul·-

318 2312 547 2359 teriorem.
585 2313 639 2360 C.
664 2312 861 2359 Licinius
887 2310 1060 2357 Crassus
1088 2310 1300 2356 urbanam
1328 2306 1597 2369 jurisdictio-

319 2403 420 2430 nem
435 2421 447 2441 ‚
471 2387 558 2431 Cn.
578 2386 767 2432 Sicinius
788 2388 904 2431 inter
924 2383 1186 2446 peregrinos
1211 2394 1302 2429 erat
1319 2380 1522 2434 sortituS,
1543 2378 1604 2426 C.

324 2458 558 2507 Memmius
585 2458 815 2515 Siciliam,
841 2459 917 2521 Sp.
945 2456 1138 2506 Cluvius
1172 2454 1441 2504 Sardiniam.
1471 2452 1606 2498 Con*⁴
