1673 3052
246 198 340 248 ‚218
600 197 1167 245 T1T1L1vll

247 306 391 355 tiaffet
409 343 422 365 ‚
442 317 493 354 ut
510 322 667 353 aurum
690 315 825 367 atque
853 314 1083 367 argentum
1103 302 1149 348 in
1173 298 1404 365 publicum
1425 310 1540 365 proi

246 381 440 428 ferretur
456 414 469 436 ‚
493 393 572 441 per
591 393 750 425 omnes
771 375 976 424 civitates
993 377 1205 423 cohortes
1224 374 1403 423 dimifit.
1435 388 1542 422 ante

246 453 296 502 in
327 451 566 499 ulteriores
583 485 596 505 ‚
617 466 751 514 quam
778 450 823 495 in
854 450 1116 513 propiores,
1135 448 1356 512 profeffi,
1376 461 1426 495 ut
1443 464 1541 495 uno

248 526 322 573 die
343 526 387 572 in
408 541 567 572 omnes
592 524 921 587 perveniretur,
947 523 1077 570 Edita
1097 523 1288 570 tribunis
1307 521 1542 570 centurio-

247 598 473 663 nibusque
490 609 616 645 erant
632 633 645 655 ‚
666 613 767 660 quae
788 608 1026 660 agerentur
1047 613 1057 642 :
1078 612 1208 642 mane
1225 611 1361 642 omne
1383 610 1544 642 aurum

248 685 576 737 argentumque
598 671 814 719 collatum
836 686 846 715 ε
865 671 978 717 hora
997 682 1152 733 quarta
1169 669 1342 734 fignum
1359 667 1415 714 ad
1435 667 1545 714 diri-

248 745 438 809 piendas
464 744 596 791 urbes
624 744 776 790 datum
808 741 869 789 est
890 742 1106 789 militibus
1126 759 1136 788 :
1156 753 1371 805 tantaque
1397 740 1547 803 praeda

251 819 365 875 fuit,
388 832 438 866 ut
467 819 513 864 in
538 816 737 881 equitem
766 816 1064 881 quadringeni
1090 815 1289 874 denarii,
1320 813 1548 879 peditibus

252 893 417 940 duceni
450 891 791 948 dividerentur,
825 903 1009 938 centum
1048 887 1375 954 quinquaginta
1406 886 1547 934 millia

251 966 455 1029 capitum
495 966 803 1012 humanorum
843 964 1187 1011 abducerentur.
1230 961 1353 1009 Muri
1387 960 1549 1009 deinde

252 1039 530 1101 direptarum
571 1037 750 1084 urbium
791 1036 929 1083 diruti
965 1035 1064 1082 sunt
1091 1053 1102 1082 :
1134 1052 1185 1082 ea
1219 1034 1343 1082 fuere
1379 1032 1548 1097 oppida

253 1111 375 1158 circa
408 1109 702 1173 septuaginta.
733 1108 929 1171 Vendita
965 1107 1114 1171 praeda
1146 1104 1387 1164 omnium,
1414 1104 1469 1151 de
1497 1120 1552 1150 ea

253 1184 425 1232 summa
445 1183 579 1231 militi
610 1195 892 1230 numeratum
913 1181 992 1230 est.
1016 1179 1194 1228 Paullus
1217 1179 1273 1227 ad
1297 1194 1418 1226 mare
1438 1177 1552 1224 Ori-

255 1276 359 1304 cum
391 1256 645 1314 descendit,
668 1273 948 1320 nequaquam
963 1292 975 1314 ‚
998 1267 1050 1302 ut
1071 1267 1193 1302 ratus
1219 1265 1336 1310 erat,
1360 1251 1553 1315 expletis

255 1330 451 1377 militum
474 1329 634 1376 animis
655 1349 667 1376 ε
689 1329 796 1392 qui,
816 1341 1031 1391 tanquam
1061 1327 1235 1373 nullum
1262 1324 1309 1372 in
1331 1323 1553 1371 Macedo-

256 1405 332 1452 nia
356 1405 571 1468 geffiffent
591 1404 762 1451 bellum
780 1439 794 1461 ‚
819 1416 1024 1465 expertes
1041 1402 1174 1466 regiae
1194 1400 1355 1464 praedae
1376 1398 1462 1444 efl'e
1480 1398 1553 1444 in-

255 1477 572 1541 dignabantur.
603 1477 737 1524 Orici
758 1494 861 1523 cum
881 1475 1025 1523 miffas
1045 1491 1146 1523 cum
1166 1473 1377 1536 Scipione
1397 1471 1555 1518 Nasica

258 1551 562 1614 Maximoque
583 1549 683 1597 filio
711 1550 868 1611 copias
886 1549 1154 1605 invenisset,
1182 1545 1384 1593 exercitu
1413 1543 1458 1589 in
1480 1561 1555 1590 na-

257 1643 338 1674 ves
364 1625 600 1688 impofito,
621 1625 668 1671 in
686 1624 852 1671 Italiam
873 1621 1061 1684 trajecit.
1080 1624 1135 1668 Et
1154 1619 1254 1682 post
1274 1634 1446 1681 paucos
1465 1616 1558 1665 dies

258 1699 482 1757 Anicius,
511 1710 751 1745 conventu
782 1696 1061 1758 reliquorum
1099 1692 1385 1755 Epirotarum
1416 1691 1558 1737 Acar-

259 1782 519 1837 nanumque
554 1772 684 1830 acio,
716 1768 922 1833 justisque
959 1769 1007 1814 in
1038 1766 1206 1814 Italiam
1241 1763 1364 1827 sequi
1389 1761 1559 1826 princi-

258 1847 422 1910 pibus,
450 1863 646 1910 quorum
683 1843 998 1908 cognitionem
1037 1839 1179 1888 causae
1213 1835 1481 1894 reservarat,
1509 1838 1559 1884 ὃ(

259 1920 378 1982 ipse,
398 1920 595 1966 navibus
616 1917 879 1981 exspectatis
893 1951 907 1975 ,
927 1916 1091 1980 quibus
1114 1913 1216 1960 usus
1234 1909 1560 1959 Macedonicus

260 1993 481 2041 exercitus
510 2005 604 2039 erat
620 2029 634 2050 ,
655 1992 702 2037 in
723 1990 892 2038 Italiam
919 1988 1108 2049 trajecit.
1138 1988 1257 2034 Cum
1280 1985 1376 2032 haec
1395 1983 1441 2030 in
1462 1984 1562 2028 Ma·
1589 1997 1591 2000 ’

264 2066 456 2114 cedonia
480 2066 712 2127 Epiroque
732 2063 848 2128 gesta
868 2064 988 2118 sunt,
1010 2060 1168 2123 legati,
1187 2058 1264 2122 qui
1282 2074 1383 2104 cum
1403 2055 1560 2103 Attalo

263 2141 320 2187 ad
347 2138 593 2185 finiendum
619 2139 786 2184 bellum
817 2137 935 2183 inter
964 2135 1120 2181 Gallos
1147 2134 1195 2179 &
1216 2147 1364 2195 regem
1392 2132 1562 2175 Eume-

263 2229 368 2258 nem
405 2210 517 2256 miffi
555 2223 683 2257 erant
699 2245 712 2266 ‚
743 2210 789 2255 in
831 2208 976 2254 Asiam
1014 2215 1337 2270 pervenerunt.
1370 2200 1564 2248 lnduciis

263 2303 344 2348 per
372 2284 565 2331 hiemem
586 2283 708 2329 factis
724 2319 737 2340 ,
763 2284 811 2329 &
832 2281 953 2327 Galli
980 2280 1143 2327 domos
1164 2277 1365 2324 abierant
1381 2310 1395 2332 ,
1417 2276 1467 2322 &
1482 2289 1562 2320 rex

265 2360 312 2406 in
343 2359 528 2405 hiberna
554 2358 827 2405 concesserat
852 2358 1139 2419 Pergamum,
1156 2351 1374 2416 gravique
1396 2348 1563 2395 morbo

267 2449 385 2495 aeger
408 2432 569 2479 fuerat.
590 2435 681 2477 Ver
702 2431 895 2493 primum
918 2447 974 2476 ex
1007 2429 1148 2475 domo
1167 2424 1336 2473 excivit
1354 2441 1364 2470 ε
1383 2421 1563 2483 jamque

267 2504 482 2567 Synnada
502 2515 834 2568 pervenerant,
854 2519 954 2550 cum
977 2503 1198 2549 Eumenes
1222 2497 1278 2545 ad
1300 2494 1455 2543 Sardes
1475 2509 1563 2539 un·
