1673 3052
298 186 392 238 334
461 172 1087 224 JO.FRE1NSHEM11
1131 167 1483 230 SUPPL'EM.

296 280 417 321 tentia
438 281 608 332 possent,
631 281 680 320 ad
704 282 961 322 Nicomedem
988 284 1183 324 universos
1211 286 1392 335 adduxit,
1414 285 1578 340 profici--=

290 341 539 393 {scentemque
557 343 596 381 in
615 342 730 382 Attali
755 356 916 394 regnum
941 345 1144 386 comitatus
1166 347 1229 386 est.

353 411 425 451 IX.
465 410 611 451 Attalus
634 413 816 461 juvenem
843 415 1007 453 comiter
1028 424 1238 466 exceptum
1263 417 1431 468 confidere
1451 418 1578 468 Juffit:

288 473 507 525 debitumque
525 474 596 524 fibi
623 475 741 514 Dezzm
767 476 1006 528 hominumque
1030 477 1214 516 voluntate
1231 478 1416 530 Bithynice
1437 494 1576 534 regnum

290 547 417 586 magno
440 534 557 574 animo
571 535 746 587 capeffere.
769 536 871 576 Nam
897 537 932 576 δ’(
949 536 1104 588 Sibyllae
1127 539 1301 587 quaedam
1326 540 1495 580 carmina
1520 541 1577 581 fe-

290 595 492 645 rebantur,
508 610 575 648 per
596 610 679 648 quae
701 598 848 638 Attalus
868 599 946 638 fato
970 600 1195 639 destinatam
1215 600 1422 643 Nicomedi
1443 602 1575 655 Bithy-

289 658 396 698 niam
419 660 710 710 interpretatus,
731 661 984 711 cupiditatem
1009 660 1178 702 hominis
1199 661 1341 702 fiducia
1357 664 1576 706 inflamma-

288 720 370 760 bat.
397 721 518 762 Miffis
541 722 682 761 deinde
695 722 744 762 ad
761 722 925 761 Prufiam
944 719 1082 774 'legatis
1108 722 1336 774 postulavit,
1350 726 1449 764 urbes
1469 727 1573 780 quas:

287 782 372 818 dam
390 782 530 820 concedi
544 782 628 832 filio
647 783 681 822 6⁴
699 796 825 835 agros,
847 797 986 836 quorum
1005 783 1170 822 reditibus
1185 785 1343 824 aleretur.
1371 785 1451 833 ille,
1459 787 1575 839 paulo

283 843 362 896 post
383 854 492 882 totum
521 843 644 882 Attali
670 857 809 896 regnum
838 846 870 883 ei
897 847 1082 892 daturum,
1105 861 1209 898 neque
1232 847 1310 885 alia
1331 860 1441 887 mente
1464 860 1575 903 nuper

287 903 410 956 mAs
407 918 463 943 am
479 906 521 958 ft
542 905 718 958 ἱννιιρὶθε,
743 905 949 956 respondit.
974 907 1107 947 Certos
1131 908 1272 948 deinde
1297 909 1474 950 homines
1491 910 1570 951 Ro.

288 978 396 1003 mam
426 967 548 1012 misit,
569 967 622 1002 de
646 967 875 1007 Nicomedis
904 969 1043 1015 pariter
1075 969 1269 1021 Attalique
1294 971 1442 1020 injuriis
1471 985 1572 1022 que-

287 1025 407 1074 stum,
433 1034 567 1065 contra
598 1039 694 1076 quos
722 1026 909 1066 auxilium
933 1028 1128 1080 fidemque
1153 1033 1289 1082 populi
1321 1033 1517 1074 Romani
1505 1048 1572 1074 m-

287 1087 463 1126 vocabat.
487 1088 622 1137 Neque
647 1087 702 1126 illi
723 1087 903 1138 segnius
893 1103 933 1128 m
955 1090 1175 1141 Bithyniam
1196 1093 1387 1133 invasere:
1405 1095 1571 1136 subinde

282 1149 556 1189 deficientibus
574 1150 623 1189 ad
647 1162 712 1189 eos
737 1150 878 1190 multis.
903 1152 1017 1192 Unde
1040 1154 1178 1194 Prusias
1201 1155 1382 1194 univerfis
1403 1156 1568 1207 diffisus,

286 1214 323 1252 ἃ
352 1213 614 1252 Romanorum
641 1225 715 1263 ope
743 1212 896 1253 infidias
927 1214 1126 1255 evasurum
1153 1216 1331 1266 sperans,
1356 1219 1569 1260 exercitum

282 1288 483 1325 opponere
506 1274 734 1325 supersedit:
761 1273 911 1315 tantum
934 1289 954 1315 a
972 1275 1191 1328 Diegyllide
1209 1276 1342 1315 socero
1355 1278 1485 1328 petitis
1507 1291 1569 1318 ac-

284 1337 483 1388 ceptisque
509 1335 723 1376 Thracibus
755 1336 992 1386 quingentis,
1020 1347 1156 1377 eorum
1180 1335 1377 1387 praefidio,
1408 1338 1445 1378 81.
1470 1339 1568 1379 arcis

286 1398 428 1438 Nicaeae
447 1396 695 1436 munimentis
719 1393 880 1443 salutem
900 1394 1111 1436 tutabatur.

339 1468 392 1508 X.
417 1466 511 1507 Non
531 1465 605 1506 fuit
623 1464 664 1506 id
685 1465 883 1505 confilium
907 1464 999 1505 felix
1015 1462 1161 1506 Prufiae.
1182 1465 1317 1505 nocuit
1333 1475 1470 1518 praeter
1491 1467 1567 1510 alia

286 1527 463 1583 praetoris·
478 1529 612 1568 urbani
634 1528 801 1575 factum,
816 1529 881 1578 qui
898 1540 968 1577 per
988 1525 1199 1566 absentiam
1220 1527 1419 1568 consulum
1443 1529 1492 1568 de
1510 1530 1567 1569 le·
1585 1541 1588 1544 ’

286 1594 440 1646 gatione
459 1592 659 1644 Bithynica
675 1591 811 1630 referre
828 1603 916 1630 cum
939 1589 1127 1630 debuisset
1140 1620 1150 1638 ,
1171 1603 1247 1640 quo
1267 1598 1416 1641 gratum
1432 1591 1566 1641 Attalo

283 1657 452 1704 faceret,
479 1668 546 1706 per
569 1666 684 1705 quam
707 1652 850 1692 multos
885 1652 964 1692 dies
990 1651 1157 1703 neglexit
1179 1665 1188 1690 ε
1223 1652 1366 1691 deinde
1392 1664 1480 1692 cum
1507 1654 1565 1693 se-

284 1726 397 1757 natus
412 1716 653 1764 decrevisset,
667 1727 706 1754 ut
726 1715 771 1752 ab
791 1715 867 1767 1⁸pr
876 1726 1018 1766 praetore
1037 1713 1144 1767 legati
1164 1726 1233 1752 tres
1248 1715 1505 1754 nominarentur
1515 1717 1567 1755 ad

282 1796 335 1820 res
358 1781 539 1832 Bithyniae
552 1778 827 1831 componendas,
847 1775 940 1815 tales
960 1775 1101 1827 delegit
1113 1806 1124 1824 ,
1140 1778 1189 1815 ut
1209 1776 1360 1816 causam
1376 1776 1564 1828 praeberet

283 1842 344 1882 Μ.
368 1841 503 1881 Catoni
531 1838 709 1886 dicendi,
737 1839 940 1891 legationem
964 1853 987 1876 a
1011 1838 1142 1891 populo
1165 1839 1327 1877 Romano
1349 1840 1464 1888 mitti,
1486 1855 1563 1893 quae

284 1919 346 1943 nec
369 1916 494 1957 caput,
521 1918 582 1941 nec
599 1903 706 1954 pedes
721 1931 732 1949 ,
756 1915 816 1938 nec
839 1913 897 1938 cor
915 1900 1061 1939 haberet.
1084 1898 1195 1937 unius
1217 1900 1321 1938 enim
1347 1898 1563 1951 legatorum

281 1976 399 2017 caput
413 1964 654 2004 cicatricibus
670 1962 845 2003 deforme
865 1969 962 2002 erat:
983 1960 1076 2001 alter
1095 1959 1293 2000 laborabat
1309 1973 1357 2000 ex
1378 1961 1564 2012 pedibus:

282 2028 416 2068 tertius
438 2028 486 2068 ad
511 2026 707 2066 stultitiam
737 2025 854 2076 usque
880 2024 1039 2080 fimplex
1063 2022 1286 2063 habebatur.
1311 2024 1393 2064 Nec
1420 2023 1562 2065 melio-

283 2104 365 2130 rem
386 2090 501 2142 igitur
526 2099 706 2129 eventum
730 2087 812 2127 haec
838 2087 997 2138 legatio,
1024 2099 1140 2136 quam
1159 2098 1227 2136 pro
1253 2085 1455 2125 hominum
1478 2087 1560 2137 opi-

284 2154 425 2200 nione,
439 2152 586 2192 habuit.
615 2143 730 2191 Cum
737 2152 842 2189 enim
860 2163 905 2189 ex
921 2149 1126 2198 compacto
1142 2146 1377 2188 Nicomedes
1399 2147 1559 2187 Atta-lus

284 2228 385 2266 que,
402 2216 472 2268 se
459 2229 495 2252 ιιι
515 2230 572 2283 ¹¹⁷.‘⁷
563 2215 675 2266 mesine
691 2215 839 2267 senatus
853 2212 956 2264 fhre,
978 2209 1277 2262 respondiffent3
1305 2209 1556 2262 Bithynorum

283 2278 475 2328 principes
491 2276 595 2326 prius
618 2275 742 2313 edocti
759 2282 1021 2323 negaverunt,
1036 2273 1076 2326 fi·
1091 2273 1193 2324 prodi
1215 2264 1356 2326 discffc
1370 2286 1481 2311 eorum
1501 2274 1557 2310 de

281 2339 378 2387 bere,
402 2352 589 2391 quorumz
557 2338 594 2387 s
594 2339 667 2375 dem
683 2337 818 2387 secuti,
845 2335 968 2374 bellum
997 2337 1163 2390 adversus
1188 2335 1347 2389 Prufiam
1359 2333 1559 2389 fiunfiffi’nt.

330 2474 353 2517 §
379 2473 436 2506 lx.
459 2471 577 2508 Zofim.
604 2473 627 2508 l.
650 2482 702 2515 55.
726 2471 872 2516 Appian.
895 2469 970 2504 Liv.
994 2469 1084 2515 Epic.
