1673 3052
303 220 398 282 '428
468 202 1490 271 JO FRE1NSHEM118UPPLEM.

301 344 369 370 vos
395 341 556 378 moveat,
586 331 680 382 quod
699 344 774 369 cum
798 342 900 383 patre
923 328 1000 381 ejus
1029 328 1104 368 iras
1131 341 1236 383 atque
1260 329 1386 369 bellum
1413 325 1592 384 habuistis.

303 393 460 446 Sepultis
485 407 560 432 curn
581 406 713 433 mortuo
728 394 928 432 inimicitiis
943 423 954 440 ,
974 393 1113 446 potiora
1132 407 1224 432 nova
1247 394 1370 432 merita
1394 406 1502 440 erunt.
1534 408 1592 432 ne-

301 471 367 508 que
383 486 394 504 ,
430 472 442 494 ι
469 456 506 494 in
533 470 582 493 me
605 456 797 508 quidquam
818 455 1037 494 auuoritatis
1058 454 1119 507 ff
1135 456 1300 508 putatis,
1322 455 1500 494 clementis
1528 454 1592 493 im·

299 516 391 570 perii
415 517 577 570 magister*
591 518 732 570 duxque
756 519 863 556 deero.
899 518 948 555 Te
972 530 1128 569 quoque,
1150 517 1333 565 Demetri,
1364 532 1404 555 ne
1428 527 1590 570 paterno-

304 593 378 617 rum
406 591 595 632 temporum
618 580 780 618 memoria
808 580 861 618 ita
876 579 1004 633 subeat
1021 609 1031 627 ,
1052 590 1092 616 ut
1120 578 1214 616 illud
1245 579 1507 617 incitamentum
1527 592 1594 631 po-

301 643 375 681 tius
394 642 549 690 irarum,
576 657 682 695 quam
706 641 984 695 mansuetudinis
1001 671 1013 689 ,
1038 640 1184 679 habeas.
1225 640 1347 680 Crebra
1375 641 1521 679 mutatio
1544 654 1596 678 re-

298 718 381 757 gum
397 719 458 743 nec
473 705 722 758 imperantibus
737 734 748 752 ,
763 719 824 742 nec
844 704 971 757 quibus
983 704 1184 757 imperatur,
1197 702 1279 742 laeta
1299 702 1361 755 ff
1371 703 1489 757 potest.
1511 703 1593 743 Jam

301 782 325 805 a
348 767 468 806 multis
498 769 606 806 annis
633 769 722 822 triste
742 768 980 805 documentum
995 765 1105 818 Syria
1125 765 1222 803 dedit
1236 795 1247 813 ,
1274 766 1360 817 quid
1378 766 1467 804 inter
1481 778 1595 818 popu-

297 831 370 869 lum
385 845 556 885 regemque
577 832 760 884 discordiae
770 829 895 884 poffi'nt
910 844 921 868 .·
939 828 975 867 6»
996 842 1100 881 quam
1113 828 1261 866 inviaos
1277 857 1288 876 ,
1317 843 1330 865 1
1352 827 1568 880 consentiant
1580 856 1594 875 ,

299 893 387 932 inter
402 894 603 945 fimultates
628 893 765 946 exiguae
783 893 875 947 saepe
890 890 925 929 ἃ
940 891 1131 944 inopinata:
1152 890 1266 943 causae
1279 888 1407 942 poffint
1433 899 1589 928 evertere.

299 957 411 1009 Igitur
426 988 438 1006 ,
455 959 549 1010 quod
561 957 647 995 mihi
672 956 835 1009 vobisque
843 954 998 1008 faustum
1012 955 1061 1005 sit
1075 984 1086 1002 ‚
1103 953 1195 1007 quod
1213 967 1236 990 a
1259 952 1363 990 vobis
1387 951 1503 1004 accepi
1517 950 1596 988 dia.

299 1020 424 1066 derna,
452 1035 493 1057 en
529 1020 693 1072 restituo,
724 1030 764 1055 ut
802 1017 882 1055 lzuic
915 1015 1094 1054 Demetrio
1125 1013 1331 1066 imponatis.
1372 1012 1472 1051 Milu'
1494 1010 1593 1065 suffi-

298 1080 396 1119 ciunt
423 1081 616 1132 AEgyptiae
644 1095 752 1131 opes,
779 1092 854 1131 quae
878 1079 1019 1130 Magno
1047 1076 1257 1122 Ptolemaeo‚
1279 1073 1462 1126 ceterisque
1485 1070 1594 1125 majo-

298 1140 395 1178 ribus
424 1140 507 1178 meis
529 1138 750 1193 suffecerunt.
785 1138 837 1175 Et
868 1150 982 1175 tamen
1007 1147 1174 1188 quantum
1199 1135 1290 1187 abest
1299 1164 1312 1181 ,
1337 1133 1422 1186 quin
1448 1133 1487 1171 in
1508 1146 1593 1185 par.

299 1214 332 1241 te
359 1202 490 1254 imperii
521 1200 583 1253 effi:
610 1201 757 1248 videar,
785 1198 888 1253 cujus
912 1199 947 1238 ὃ*
968 1199 1090 1249 filiam
1112 1198 1262 1250 reginam
1287 1196 1468 1248 relinquo,
1487 1193 1522 1232 δ’
1541 1209 1592 1233 re-

296 1278 358 1317 ges
377 1264 481 1317 spero
505 1274 646 1315 nepotes
663 1264 684 1300 ?

355 1332 492 1373 XLVI.
507 1332 564 1372 Ita
581 1329 762 1384 persuafis
787 1326 1120 1374 Antiochenfibus,
1136 1325 1354 1367 Demetrius
1374 1325 1415 1364 in
1429 1336 1592 1376 regnum

298 1395 498 1445 recipitur.
535 1394 673 1443 Neque
699 1389 864 1438 milites,
895 1401 1061 1440 quorum
1088 1387 1261 1439 plerique
1288 1386 1358 1426 sub
1388 1394 1497 1438 patre
1519 1386 1594 1427 De-

298 1459 441 1497 metrio
468 1463 687 1496 meruerant
702 1486 714 1502 ‚
739 1454 841 1505 signa
864 1455 1089 1493 cunctanter
1114 1451 1162 1490 ad
1187 1463 1277 1490 eum
1302 1449 1593 1490 transferebant.

298 1519 420 1559 Redit
444 1520 543 1557 inter
572 1516 655 1556 haec
677 1529 724 1555 ex
747 1515 888 1555 Cilicia
907 1514 1126 1555 Alexander
1152 1525 1242 1552 cum
1261 1511 1466 1551 numeroso
1486 1524 1592 1553 exer-

300 1581 400 1630 citu,
420 1579 588 1630 finesque
616 1577 878 1618 Antiochenos
901 1577 981 1627 igni
1010 1577 1188 1627 ferroque
1212 1575 1408 1626 pervastat.
1445 1574 1591 1614 Occur-

299 1650 387 1682 runt
411 1643 445 1682 ei
466 1653 570 1692 reges
591 1642 683 1680 totis
707 1639 862 1680 viribus.
879 1639 922 1678 in
938 1638 1083 1689 campis
1105 1638 1154 1677 ad
1176 1638 1417 1688 OEnoparam
1435 1649 1591 1680 amnem

298 1716 430 1756 pugna
459 1702 740 1750 committitur,
770 1701 936 1740 duorum
967 1713 1101 1750 regum
1127 1698 1259 1738 exitio.
1293 1697 1395 1738 Nam
1421 1695 1591 1736 Alexan-

300 1767 367 1806 der
384 1797 394 1816 ,
424 1779 514 1805 cum
542 1778 590 1805 ex
623 1763 779 1804 adverso
817 1761 955 1814 proelio
985 1763 1034 1801 ad
1059 1760 1235 1813 regulum
1261 1760 1407 1803 Arabiae
1427 1758 1589 1800 Zabdie.

297 1828 379 1868 lum
398 1828 547 1882 (Graeci
568 1827 746 1868 Dioclem
770 1826 1096 1877 interpretantur)
1115 1836 1204 1863 cum
1229 1824 1446 1876 quingentis
1470 1823 1589 1862 ferme

297 1891 495 1942 equitibus
526 1893 564 1930 in
599 1890 734 1930 urbem
760 1889 860 1931 Abas
889 1887 1115 1940 perfugisset
1133 1918 1144 1936 ,
1180 1887 1350 1926 suerum.
1367 1886 1591 1937 proditione

301 1958 336 1995 ὃς
358 1954 517 2005 hospitis
542 1953 704 2005 perfidia
727 1954 954 1993 trucidatur.
983 1951 1209 1992 Ptolemaeus
1235 1963 1380 2002 paucos
1402 1950 1483 2000 post
1508 1950 1589 1988 dies

299 2031 346 2057 ex
364 2016 586 2057 vulneribus
612 2016 719 2055 obiit.
752 2015 851 2056 Cum
877 2014 980 2053 enim
1007 2026 1126 2063 equus
1154 2011 1471 2062 ejus,elephanti
1498 2009 1589 2049 bar-

299 2081 372 2119 ritu
399 2080 623 2128 exterritus,
656 2092 787 2129 regem
821 2075 1059 2124 excussiffet,
1087 2074 1211 2114 hostes
1247 2073 1377 2113 multis
1407 2075 1448 2112 in
1473 2079 1589 2123 caput

299 2143 421 2195 plagis
451 2143 676 2195 prostratum
702 2140 1038 2180 convulnerarunt.
1082 2137 1193 2178 Unde
1222 2144 1352 2187 raptus
1375 2149 1397 2175 a
1426 2134 1589 2174 eustodi-

299 2206 369 2245 bus
399 2206 569 2256 corporis
596 2205 634 2242 in
666 2200 982 2247 tabernaculum,
1008 2211 1097 2237 cum
1122 2198 1262 2237 medici
1289 2196 1482 2236 terebrare
1510 2195 1587 2236 ossa

298 2270 437 2320 capitis
460 2270 758 2315 contenderent,
784 2275 869 2305 toto
897 2264 1105 2315 quatriduo
1128 2262 1202 2302 sine
1225 2274 1321 2301 voce
1347 2263 1382 2302 δι
1407 2259 1512 2299 sensu
1534 2261 1587 2309 ja-

298 2333 390 2371 cuit.
411 2332 564 2383 quintus
583 2332 740 2370 demum
766 2330 847 2368 dies
870 2336 1099 2377 utrumque,
1114 2325 1177 2365 sed
1201 2326 1241 2364 in
1262 2331 1494 2377 perpetuum
1520 2322 1586 2362 ab-

299 2396 442 2436 laturus
457 2426 468 2445 ‚
486 2395 680 2443 reddidit3
708 2392 912 2443 conspecto
933 2400 1022 2432 ante
1036 2397 1213 2442 *mortem
1224 2387 1428 2430 Alexandri
1443 2387 1582 2438 capite,

342 2531 364 2573 §
392 2531 492 2564 XLV.
520 2530 638 2563 Justin.
663 2540 715 2571 35,
735 2541 765 2562 2.
789 2529 968 2572 Josep'nus‘.
