1673 3052
264 187 361 252 '298
430 187 529 235 JO.
571 182 1084 234 FREINSHEMII
1130 179 1490 228 SUPPLEM.

266 296 403 349 imperii
428 296 532 350 nostri
558 293 748 348 periculum
772 303 955 346 eruptwa,
973 303 1202 344 componerem
1216 318 1228 337 ‚
1255 287 1291 326 θ’
1315 288 1488 326 obtentum
1512 285 1560 324 ti-

264 374 360 408 mor,
385 360 420 399 6³
446 358 591 397 ambitio
617 356 858 410 cupiditasque
881 354 1084 404 occasionem
1114 353 1299 393 haherent..
1325 352 1397 390 Sed
1416 364 1499 402 ego,
1519 348 1560 387 itt

266 422 429 460 domibus
452 418 685 459 AEmiliorum
705 430 809 470 atque
829 416 1031 468 Scipionum
1050 414 1192 467 genitus
1211 426 1254 450 ac
1280 413 1472 459 educatus,
1499 424 1561 448 ne-

263 498 331 535 que
353 494 495 520 metuere
512 479 694 533 pericula,
714 492 821 531 neque
845 477 965 516 mirari
981 476 1165 530 pecuniam
1183 475 1308 513 debeo:
1325 473 1474 527 gloriam
1495 486 1560 510 au-

265 557 335 584 tem
365 559 480 583 veram
512 545 593 582 inde
616 545 749 581 demum
775 541 986 594 sperandam
1012 539 1192 592 existimo,
1213 539 1251 589 fi
1278 538 1432 576 rationes
1467 547 1560 574 meas

265 621 387 647 omnes
408 607 460 644 ad
472 605 601 659 patriae
619 604 772 659 salutem
791 602 956 649 retulero,
971 601 1074 653 idque
1102 598 1307 652 potiffi'mum
1325 612 1459 651 quoquo
1477 608 1563 634 tem·

262 684 344 723 pore
364 669 591 722 peragendum
601 678 732 720 putaro
743 695 755 713 ,
769 666 863 718 quod
872 665 977 718 ipsius
992 662 1202 714 necfftates
1213 672 1277 700 aut
1288 661 1462 700 commoda
1472 672 1562 713 prae-

266 731 367 784 cipue
390 728 653 784 postulaverint.

324 792 431 832 XVI.
463 793 588 844 Neque
610 805 691 830 vero
716 790 928 843 domesticum
952 788 1039 828 milzi
1066 787 1261 841 exemplum
1290 787 1385 840 deest.
1418 800 1499 825 nam
1526 784 1564 823 δ’

269 870 365 893 avus
389 869 482 893 meus
501 858 544 894 P.
557 853 759 906 Africanus
773 883 787 901 ‚
809 867 876 904 quo
892 864 1037 905 tempore
1061 851 1099 889 in
1119 850 1231 889 Italia
1256 849 1451 889 Hannibal
1467 859 1564 897 erat,

267 918 308 956 in
329 919 473 956 eandem
500 917 597 969 istam
612 916 858 969 Hispaniam,
874 913 960 952 aliis
987 914 1106 952 itidem
1121 944 1135 960 ,
1156 924 1196 951 ut
1211 926 1305 950 nunc
1320 912 1391 963 fit,
1413 911 1565 964 provin-

268 979 361 1016 ciam
387 977 484 1029 istam
512 987 601 1015 metu
626 977 911 1022 detrectantibus,
931 973 1103 1028 profeHus
1127 976 1194 1028 est,
1220 986 1323 1026 atque
1350 972 1417 1012 illa
1431 972 1566 1027 populo

268 1043 432 1080 Romano
462 1039 585 1093 affirta
601 1069 612 1088 ‚
632 1040 703 1091 fibi
730 1039 834 1078 etiam
863 1039 902 1075 in
933 1036 1096 1089 Africam
1126 1037 1193 1074 iter
1222 1037 1271 1075 ad
1304 1036 1386 1074 belli
1411 1036 1565 1074 omnium

268 1103 460 1156 graviffi'mi
485 1104 625 1156 plenam
650 1103 830 1140 vibiani-zm
852 1099 1030 1154 patefecit.
1060 1101 1276 1151 Quanquam
1289 1098 1437 1152 proseblo
1464 1098 1567 1150 longe

272 1165 416 1219 majoris
436 1178 507 1204 tum
523 1165 673 1218 periculi
694 1179 747 1202 res
762 1163 859 1216 ficit:
874 1178 943 1202 non
962 1164 1061 1201 modo
1079 1162 1241 1215 pluribus
1262 1160 1432 1214 populis,
1453 1158 1566 1211 rebufi

273 1244 338 1282 que
357 1229 438 1282 suis
459 1228 566 1267 multo
586 1226 871 1278 florentioribus,
894 1225 931 1262 in
956 1224 1075 1262 odium
1101 1223 1253 1262 Romani
1277 1221 1431 1274 nominis
1447 1235 1567 1259 accen-

265 1293 321 1344 fis
331 1307 348 1339 ,·
363 1292 431 1344 sed
450 1290 556 1328 etiarn
575 1289 783 1341 Carthagine
809 1287 887 1341 ipstz
902 1316 912 1335 ,
927 1287 1023 1324 aliis*
1030 1287 1138 1339 super
1161 1284 1255 1323 alios
1271 1283 1452 1322 mittendis
1470 1283 1570 1321 duci.

272 1355 339 1392 bus
365 1351 653 1405 exercitibusque,
670 1354 720 1390 ad
741 1352 952 1391 retinendam
971 1348 1194 1403 Hispaniam
1218 1362 1335 1387 omnes
1353 1361 1436 1402 opes
1458 1345 1568 1400 effun-

256 1418 382 1455 dente.
410 1416 517 1454 Nunc
544 1429 624 1453 vero
648 1416 776 1468 paucis
804 1427 910 1466 neque
929 1412 1101 1451 maximis
1119 1410 1326 1450 nationibus
1349 1409 1566 1448 tumultuan-

273 1479 392 1526 tibus,
419 1491 497 1515 curn
520 1491 625 1529 neque
655 1477 856 1514 diuturnum
883 1489 975 1527 aeque
1004 1471 1155 1521 belluni,
1182 1487 1290 1526 neque
1319 1472 1418 1510 clade
1442 1471 1566 1523 aliqua
1594 1498 1597 1501 -
1648 1503 1650 1505 ,

273 1554 405 1593 magna
426 1540 557 1592 insigne
584 1553 767 1592 geramus,
788 1538 992 1591 juventutis
1015 1538 1130 1590 noflrae
1160 1536 1272 1575 animi
1295 1536 1510 1582 ceciderunt,
1531 1533 1570 1572 ἐξ»

270 1604 438 1657 pristinus
468 1601 529 1640 ille
553 1601 734 1640 bellatoris
756 1601 883 1655 populi
911 1601 1015 1638 ardor
1030 1600 1084 1651 fic
1109 1598 1296 1645 emarcuit,
1323 1609 1364 1635 ut
1388 1597 1455 1635 vix
1483 1595 1570 1634 mihi

274 1664 345 1715 ipsi
364 1663 496 1701 credam
517 1692 531 1709 ‚
558 1674 620 1700 aut
650 1662 781 1715 eosdem
808 1675 873 1703 n05
897 1660 986 1713 effi,
1016 1660 1075 1712 qui
1103 1658 1165 1711 effi:
1182 1657 1406 1712 sblebamus,
1433 1656 1570 1695 autffiis

269 1736 467 1776 prognatos
479 1755 491 1773 ‚
515 1738 657 1776 quorum
676 1725 838 1762 virtutem
859 1724 893 1762 δ’
912 1723 1142 1775 constantiam
1161 1720 1264 1759 nulla
1286 1720 1343 1758 vis
1358 1719 1481 1772 laſjare
1499 1732 1569 1770 po-

277 1786 369 1833 tuit,
396 1784 532 1823 nullum
556 1786 739 1838 discrimen
758 1785 932 1838 frangere.
982 1787 1104 1823 Verum
1131 1785 1303 1822 enimvero
1323 1797 1388 1836 pro
1413 1783 1454 1836 fi
1476 1781 1570 1834 quis-⁸-

279 1863 341 1900 que
366 1848 512 1896 viderit,
535 1848 622 1900 quid
635 1848 694 1886 vel
700 1849 770 1900 fibi
783 1879 795 1897 ‚
815 1849 874 1886 vel
895 1847 1085 1901 majoribus
1102 1847 1307 1900 posterisque
1320 1845 1423 1898 suis,-
1442 1857 1571 1896 appro-

280 1912 464 1963 bc15e30,
494 1913 588 1963 quod
611 1925 717 1949 unum
730 1910 888 1964 poffiaem,
914 1925 1018 1963 neque
1045 1911 1203 1962 cuiquam
1230 1907 1419 1960 exemplum
1443 1905 1575 1944 inertiae

278 1987 361 2021 ero⁷
388 1975 424 2012 6·
439 1974 554 2025 primo
579 1987 710 2025 quoque
739 1985 884 2025 tempore
909 1973 958 2009 ad
981 1971 1168 2010 exercitum
1192 1969 1406 2022 proficiscar.

334 2043 461 2084 XVII.
498 2042 762 2082 Adolescentis
793 2043 1005 2081 orationem
1038 2039 1218 2079 admirati
1249 2038 1402 2085 Patres,
1429 2034 1571 2086 quibus

281 2108 322 2146 in
344 2116 451 2145 tanto
475 2107 650 2144 omnium
676 2105 816 2143 timore
839 2102 934 2142 nihil
960 2102 1008 2141 ab
1034 2101 1092 2140 his
1117 2100 1225 2140 annis
1251 2097 1443 2149 speratum
1469 2108 1571 2146 prae-

282 2168 366 2206 fidii
396 2166 545 2214 fuerat,
575 2166 750 2204 certatim
775 2165 814 2202 in
838 2162 1086 2214 complexum
1109 2162 1193 2210 ejus
1215 2159 1399 2206 ruebant3
1427 2157 1572 2208 dignum

275 2230 423 2283 familia
437 2260 448 2279 ‚
470 2229 506 2266 ὃ·
529 2231 568 2268 in
591 2243 662 2281 qua
680 2227 841 2280 genitus,
863 2228 898 2266 ὁ·
912 2227 951 2265 in
971 2239 1072 2278 quam
1094 2226 1282 2276 adoptatus
1301 2220 1376 2273 (ᾖξε
1391 2252 1403 2270 ,
1426 2218 1572 2270 praedi-

285 2306 425 2335 cantes.
465 2305 616 2347 pergeret
645 2293 746 2331 bonis
775 2292 904 2330 avibus
933 2291 1068 2342 implere
1100 2290 1218 2326 datam
1247 2287 1333 2339 fato
1356 2287 1506 2338 sbrtem,
1534 2284 1573 2322 δ’

285 2357 501 2408 clariffimam
523 2354 693 2409 majorum
707 2354 868 2407 famam,
885 2354 967 2407 suis
990 2351 1180 2390 virtutibus
1203 2350 1383 2403 gloriaque
1409 2344 1572 2398 &filici-

333 2491 358 2535 §
382 2490 459 2525 XV.
481 2490 559 2526 Val.
578 2488 672 2524 Max.
697 2486 799 2523 Oxos.
821 2497 843 2529 4
857 2512 866 2528 ,
890 2497 944 2521 21.
966 2485 1086 2531 Polyb.
1111 2482 1134 2527 §
1160 2482 1252 2519 XVI.
1275 2481 1351 2517 Liv.
1373 2479 1436 2523 26,
1453 2478 1510 2516 18.
