1673 3052
313 165 403 228 358
471 166 571 213 Jo.
609 163 1114 211 FREINSHEMH
1150 144 1546 214 supptssm..

313 272 354 312 F.
372 272 426 312 M.
444 273 492 312 N.
516 270 679 319 Drusus,
706 270 802 310 inito
827 269 1051 320 consulatu,
1084 271 1347 322 intempestiva
1375 271 1588 312 ambitione

311 343 508 372 certamen
529 333 577 372 de
604 333 812 383 provinciis
833 333 980 381 movit3
1005 335 1145 374 vietam
1167 333 1284 374 semel
1311 335 1588 388 consuetudinem

313 394 446 434 frustra
467 394 508 433 in
530 402 659 444 partes
682 395 898 442 advocans,
918 409 987 447 qua
1009 397 1050 433 de
1073 397 1271 448 provinciis
1281 395 1404 448 sbrtiri
1431 396 1587 450 confides

311 470 376 495 aut
395 470 590 508 comparare
598 455 771 509 fidebant.
791 455 955 495 Difficile
976 463 1056 495 erat
1079 457 1225 507 eripere
1243 456 1482 507 provinciam
1496 468 1589 496 con-

313 517 384 557 suli
406 517 600 568 Scipioni,
623 529 713 557 cum
734 517 847 568 hujus
867 517 981 568 ipfius
1006 518 1211 569 provinciae
1236 518 1346 560 causa
1372 526 1504 566 contra
1530 517 1589 558 le-

310 594 379 633 ges
401 580 534 621 consul
555 581 676 621 faetus
699 580 799 620 effer.
829 581 964 632 Itaque
986 595 1034 622 ex
1049 581 1275 622 auctoritate
1297 582 1446 622 senatus
1466 581 1588 622 latum

308 645 362 684 ad
382 643 572 696 populum
597 643 673 690 est,
690 656 764 683 uter
775 644 952 698 confidam
974 646 1013 684 in
1035 645 1168 698 Africa
1189 660 1265 684 cum
1287 645 1429 697 imperio
1447 645 1510 698 effi
1532 646 1589 683 de-

310 708 431 746 beret?
457 706 640 746 consensu
663 707 861 759 Scipionem
883 705 1079 755 jusserunt.
1104 708 1210 748 Hinc
1231 709 1450 756 decretum,
1464 708 1516 755 uti
1529 709 1589 745 de-

307 769 425 807 leffum
437 769 575 807 haberet
591 771 642 806 ad
658 768 831 807 exercitus
845 767 1017 819 Africani
1031 769 1326 822 fitpplemenmm,
1337 770 1444 807 donec
1463 782 1502 808 eo
1521 783 1587 806 nu-

309 846 398 871 mero
420 832 568 870 militum
587 832 620 868 is
637 832 737 884 fft,
759 845 826 883 quo
848 845 872 868 a
886 830 1065 884 principio
1078 831 1209 884 fitiffi’t.
1229 833 1402 871 Praeterea
1411 833 1451 884 fi
1466 832 1527 884 qui
1541 846 1587 870 ex

282 889 290 897 ’
301 893 414 945 fhciis
435 891 586 930 militare
610 892 734 944 sponte
758 889 911 939 vellent,
937 891 1079 943 recipere
1101 907 1160 931 eos
1183 892 1430 943 permissum:
1459 892 1588 945 literis-

311 969 375 1006 que
393 953 518 1007 populi
539 953 692 992 Romani
717 951 851 990 nomine
872 952 1014 990 auxilia
1035 966 1148 1006 regum
1173 954 1440 1006 populorumque
1462 953 1587 993 excire,

308 1014 496 1065 Missaque
519 1013 606 1052 sunt
631 1025 652 1051 a
680 1011 860 1052 diversis:
894 1012 1064 1052 &rebus
1095 1012 1274 1052 omnibus
1302 1013 1352 1052 ad
1380 1012 1588 1064 profectio-

309 1090 400 1117 nem
439 1069 650 1127 apparatis,
681 1073 722 1113 in
753 1072 923 1114 Siciliam
961 1073 1127 1122 consul,
1160 1077 1197 1115 Sc
1228 1074 1319 1113 inde
1351 1076 1391 1114 in
1415 1074 1584 1116 Africam

308 1141 472 1189 trajecit.

367 1208 593 1251 XXXVIII.
623 1209 719 1258 Quae
744 1207 841 1246 inter
862 1207 944 1247 haec
966 1208 1007 1246 in
1032 1208 1263 1249 Macedonia
1288 1221 1356 1260 per
1377 1209 1415 1250 P.
1436 1208 1586 1258 Juven-

311 1275 407 1314 tium
429 1274 595 1324 primum
609 1303 619 1320 ‚
635 1271 770 1310 deinde
785 1271 833 1320 Q.
850 1271 1053 1311 Metellum
1070 1278 1249 1322 praetores
1264 1304 1275 1320 ‚
1291 1272 1339 1312 ad
1356 1271 1477 1323 ipsum
1493 1272 1585 1312 belli

311 1338 429 1378 finem
443 1336 541 1388 gesta
561 1335 651 1382 sint,
666 1342 818 1384 tempus
833 1334 885 1372 est
905 1334 1054 1374 referre.
1078 1335 1100 1383 J
1104 1335 1277 1374 uventius
1293 1335 1464 1376 Andrisci
1476 1368 1486 1385 ,
1502 1346 1585 1375 tan-

312 1411 427 1450 quam
452 1397 665 1447 imaginarii
690 1395 905 1446 scenicique
928 1396 1046 1447 regis,
1070 1409 1172 1435 arma
1200 1396 1394 1447 despectui
1415 1396 1584 1444 habens,

312 1460 413 1511 quasi
440 1460 477 1498 in
508 1458 618 1498 bellis
645 1458 795 1497 fortuna
821 1457 971 1508 semper
997 1459 1148 1497 causam
1177 1457 1416 1508 sequeretur,
1440 1466 1584 1498 temere

313 1525 353 1564 in
375 1524 647 1565 Macedoniam
681 1522 890 1573 irruptione
924 1522 1046 1570 faeta,
1070 1523 1280 1562 exercitum
1304 1522 1497 1572 vitamque
1522 1534 1586 1560 ea-

314 1590 404 1629 dem
420 1586 529 1626 clade
550 1584 741 1632 amiserat,
759 1585 822 1623 vix
837 1584 957 1623 noetis
974 1584 1199 1634 superventu
1219 1583 1368 1622 servatis
1387 1582 1585 1632 copiarum

316 1647 493 1698 reliquiis.
523 1647 577 1686 Eo
601 1645 765 1684 succeisu
792 1645 962 1685 sublatus
984 1646 1126 1694 vietor,
1152 1658 1221 1684 nec
1253 1645 1356 1684 enim
1381 1645 1479 1683 inter
1505 1643 1585 1683 for·-

314 1717 416 1749 tunae
431 1708 693 1748 blandimenta
714 1714 840 1757 tegere
861 1706 897 1745 se
919 1707 1084 1756 degener
1105 1708 1254 1747 animus
1270 1714 1442 1758 poterat,
1460 1705 1508 1745 de
1523 1717 1586 1744 ce-

313 1780 397 1810 tero
412 1801 423 1819 ,
448 1769 552 1810 velut
566 1769 789 1808 auctoritate
811 1768 990 1819 regnandi
1007 1767 1094 1808 satis
1113 1767 1297 1816 stabilita,
1319 1768 1393 1808 fine
1415 1767 1586 1818 pudore,

314 1836 392 1874 fine
412 1841 516 1873 metu
537 1833 585 1872 ad
601 1831 864 1871 crudelitatem
885 1830 1204 1882 injustitiamque,
1224 1830 1413 1882 tyrannici
1434 1829 1584 1880 spiritus

316 1909 454 1947 opera,
470 1891 754 1944 prorumpebat.
777 1891 972 1940 occidere,
998 1890 1256 1942 rapere‚fi6tis
1275 1890 1498 1931 criminibus
1521 1891 1586 1930 di-

315 1956 499 1996 tiss'rmum
522 1966 712 2004 quemque
732 1952 889 2001 tollere3
905 1954 1094 2004 postremo
1111 1966 1159 1993 ne
1172 1953 1302 1993 amicis
1321 1952 1478 2003 'quidem
1500 1964 1585 2002 par-

318 2030 422 2064 cere,
446 2028 607 2065 quorum
635 2014 738 2053 haud
762 2015 874 2064 pauci
895 2014 943 2052 de
966 2015 1093 2053 medio
1121 2013 1266 2053 sublati.
1290 2013 1378 2053 Erat
1399 2011 1501 2052 enim
1526 2013 1586 2052 in-

317 2079 431 2130 genio
459 2078 559 2117 ferus
587 2077 794 2127 avidusque
828 2077 1015 2125 caedium,
1045 2077 1086 2115 in
1115 2076 1351 2116 sermonibus
1385 2088 1584 2126 arrogans,

317 2139 480 2179 avaritiae.
497 2137 703 2187 ceterisque
723 2137 825 2176 vitiis
847 2138 926 2176 fere
940 2137 1119 2176 omnibus
1141 2138 1317 2185 deditus,
1338 2146 1382 2176 ut
1399 2136 1485 2177 satiS
1505 2148 1584 2188 poe·

314 2214 451 2240 narum
473 2198 540 2238 sub
564 2212 608 2238 eo
631 2211 717 2248 rege
744 2198 889 2249 populo
914 2200 1090 2238 Romano
1112 2199 1247 2238 datura
1266 2198 1380 2238 fuerit
1401 2197 1585 2238 Macedo-

320 2264 401 2311 nia,
426 2263 447 2301 fi
471 2261 612 2300 diutius
637 2262 751 2299 vitam
776 2261 1056 2312 imperiumque
1077 2274 1279 2313 prorogare
1302 2259 1490 2312 potuisset.
1515 2260 1584 2300 Ce-

319 2335 443 2365 terum
466 2324 548 2374 post
566 2323 733 2371 Juvcntii
757 2323 924 2373 praetoris
944 2323 1088 2364 caedem
1109 2323 1246 2363 iterum
1268 2322 1370 2375 figna
1385 2320 1582 2363 Thessaliae

365 2471 388 2513 S
401 2470 570 2506 XXXVH.
595 2471 671 2505 val.
692 2471 786 2506 Max.
802 2471 950 2517 Appian-
