1673 3052
266 205 343 255 IN
391 205 564 253 LOC.
613 205 748 252 LIB.
800 205 904 250 LII
956 205 1099 252 LIV.
1249 222 1338 269 431

61 320 214 366 patrem
235 313 387 352 vincere
417 311 629 353 videbatur.
667 311 788 363 Igitur
816 312 1076 361 Antiocheni‚
1102 324 1267 363 pronum
1297 314 1347 353 ad

63 374 271 415 seditiones
288 386 406 425 genus
418 403 429 422 ,
445 386 525 412 non
540 373 605 412 diu
622 383 835 424 temperare
854 375 989 414 animis
1009 382 1239 425 potuerunt,
1255 376 1347 425 quin

63 433 177 474 dietis
199 434 387 484 factisque
409 433 693 474 contumeliofis
713 434 954 474 Demetrium
979 434 1213 476 lacesserent.
1247 437 1347 477 Con-

60 501 122 535 tra
146 495 236 544 ille,
257 495 500 534 mercenariis
533 495 654 545 copiis
676 497 900 545 conductis,
926 510 1030 537 arma
1055 499 1203 537 tradere
1218 499 1349 539 Antio-

11 585 15 588 ·
63 558 210 598 chenos
225 557 347 608 jubet.
371 557 433 598 Illi
457 558 578 608 magis
601 556 764 607 irritati,
785 571 900 608 quam
924 559 1033 599 fracti
1057 559 1132 599 hoc
1156 561 1318 612 imperio
1334 593 1347 612 ,

65 630 224 659 centum
241 620 377 670 viginti
401 618 608 657 hominum
626 616 793 658 millibus
807 621 948 668 regiam
967 622 1210 662 circumdant
1223 654 1234 671 ‚
1248 637 1349 663 mor-

62 690 145 720 tem
166 691 232 721 aut
257 680 412 722 vincula
439 680 636 720 Demetrio
672 682 902 722 minitantes.
940 683 1046 723 Facit
1068 685 1117 740 in·
1132 684 1203 725 hos
1228 687 1352 738 impe-

21 795 24 796 ⁷
64 753 152 782 tum
181 755 270 782 cum
297 743 537 783 mercenariis
564 756 652 792 rex,
682 747 718 784 ἅ
741 759 762 784 a
786 748 932 796 majore
959 748 1243 797 oppidanorum
1274 763 1351 788 nu-

65 817 173 843 mero
194 805 402 854 repellitur.
429 811 585 854 eratque
603 807 643 843 in
664 818 804 856 magno
830 809 866 846 Sc
881 807 1047 847 evidenti
1065 810 1234 859 periculo
1247 841 1260 856 ,
1280 811 1350 850 nisi

65 866 207 906 auxilia
226 866 448 915 Judaeorum
473 866 571 918 (tria
599 865 719 906 millia
747 867 941 916 Jonathan
971 869 1150 924 miserat)
1171 874 1272 910 tecto
1296 885 1352 911 ar-

67 927 122 965 cis
151 926 382 975 conscensO,
413 927 452 964 in
477 936 745 977 oppugnantes
773 929 931 979 impune
952 929 1131 980 jaculati,
1149 945 1197 972 ex
1213 934 1349 973 vicinis

65 988 246 1030 domibus
267 1002 333 1028 eos
356 989 587 1039 abegiffent,
615 988 823 1039 domosque
855 989 966 1040 super
992 991 1257 1032 incendifl'ent.

121 1051 223 1092 LIII.
244 1050 358 1091 Plena
382 1050 575 1099 aedificiis,
601 1051 813 1090 maximam
838 1062 987 1102 partem
1011 1053 1170 1105 ligneis,
1188 1065 1266 1094 erat
1279 1058 1353 1096 An-

64 1113 237 1153 tiochia:
264 1125 380 1162 quare
407 1111 511 1151 brevi
541 1120 715 1162 tempore
744 1112 875 1152 sumtis
898 1114 1041 1153 viribus
1061 1123 1140 1155 tota
1163 1117 1241 1156 fere
1257 1118 1351 1157 urbe

63 1174 291 1215 incendium
317 1165 565 1220 pervagatum
600 1173 663 1212 est.
704 1174 786 1214 Rex
818 1175 1062 1225 oppidanos,
1093 1179 1231 1227 partim
1258 1179 1349 1230 igne

63 1231 369 1282 exstinguendo,
397 1233 536 1281 partim
562 1234 769 1284 eripiendis
801 1235 986 1275 uxoribus
1008 1236 1210 1288 liberisque
1235 1251 1350 1277 occu-

66 1305 206 1344 patos,
232 1293 413 1344 proelium
452 1295 611 1334 omififfe
646 1297 803 1345 videns,
836 1310 995 1349 repente
1025 1312 1093 1350 per
1125 1302 1351 1351 angiportus

65 1355 256 1405 erumpit:
284 1353 486 1404 multisque
507 1356 625 1404 caefis,
655 1370 757 1396 arma
777 1371 920 1408 ponere
942 1371 1113 1404 ceteros,
1134 1364 1169 1397 δι
1186 1363 1352 1398 clemen-

68 1417 130 1455 tiae
155 1415 306 1455 vicioris
336 1415 372 1455 se
395 1416 615 1466 permittere
643 1414 756 1465 cogit.
800 1424 912 1465 atque
939 1415 1004 1455 illa
1029 1418 1150 1467 magis
1170 1419 1350 1469 promissa

67 1477 300 1517 dedentibus
327 1476 428 1523 sese,
446 1489 561 1526 quam
587 1476 727 1515 deditis
754 1477 916 1526 praestita
938 1478 1000 1517 est.
1027 1478 1144 1518 Multi
1167 1489 1351 1531 tanquam

68 1538 284 1579 concitores
306 1535 504 1576 seditionis
525 1536 731 1575 excruciati
758 1537 981 1585 tormentis,
1008 1536 1272 1590 supplicioque
1297 1542 1351 1580 af-

67 1599 158 1638 fec'ti
186 1597 298 1646 sunt,
328 1597 437 1636 bonis
463 1597 678 1648 publicatis.
717 1597 845 1648 plures
882 1608 988 1637 metu
1023 1600 1189 1650 odioque
1225 1603 1323 1652 regis
1341 1633 1352 1649 ‚

60 1660 188 1711 patria
215 1658 363 1706 relicta,
387 1658 519 1709 paffim
550 1672 617 1710 per
651 1660 800 1710 Syriam
828 1660 1082 1710 oberrabant,
1109 1663 1352 1702 occasionem

67 1722 242 1762 vindictae
271 1722 519 1771 quaeritantes.
550 1723 593 1762 In
620 1722 699 1773 ipso
722 1737 836 1774 porro
866 1723 1038 1762 tumultu
1061 1724 1269 1766 hominum
1294 1728 1352 1766 in-

65 1784 204 1824 teriiss'e
230 1785 410 1823 dicuntur
430 1780 551 1824 millia
578 1793 746 1825 centum.

121 1843 218 1883 LIV.
247 1844 295 1883 At
318 1843 537 1883 Demetrius
556 1875 566 1892 ‚
589 1845 692 1895 quasi
718 1858 855 1896 parum
889 1847 1134 1886 inimicorum
1168 1847 1351 1897 haberet,

67 1906 182 1946 etiam
209 1907 354 1946 amicos
379 1908 498 1958 coepit
531 1907 717 1947 infestare.
752 1909 916 1959 ducique
942 1910 1164 1957 Judaeorum
1185 1913 1353 1951 minaces

66 1966 196 2006 literas
222 1967 341 2016 misit,
372 1970 411 2006 ni
437 1969 567 2006 tributa
596 1970 747 2007 omnium
772 1984 966 2018 annorum,
991 1986 1035 2009 ex
1065 1987 1130 2024 quo
1147 1975 1253 2026 pendi
1271 1976 1353 2025 defi-

64 2030 164 2082 {ffent
178 2061 190 2079 ‚
212 2031 534 2084 repraesentarentur.
569 2030 692 2071 Laetus
722 2030 804 2070 haec
825 2031 1018 2072 Diodotus
1041 2036 1260 2085 Apamenfis
1285 2051 1349 2076 au-

70 2091 223 2131 diebat:
256 2092 323 2141 qui
350 2091 449 2131 fidus
478 2091 605 2131 adhuc
633 2093 851 2132 Alexandro
868 2125 879 2142 ‚
901 2094 969 2133 sub
998 2109 1073 2145 quo
1098 2099 1145 2136 ad
1175 2099 1351 2148 ampliiii-

68 2165 153 2191 mas
175 2151 417 2202 praefecturas
438 2153 563 2193 fuerat
577 2157 777 2204 provec‘tus
792 2185 803 2202 ,
821 2163 886 2193 aut
907 2158 1069 2207 propriis
1093 2158 1231 2205 caulis,
1254 2159 1351 2198 Mal-

70 2213 188 2252 *chum
212 2214 373 2254 Arabem
389 2246 398 2262 ‚
418 2216 519 2265 apud
551 2229 664 2266 quem
691 2216 895 2257 Alexandri
916 2217 1016 2257 filius
1034 2219 1245 2259 Antiochus
1261 2221 1351 2259 edu-

68 2274 252 2324 cabatur,
281 2284 437 2324 exorat,
462 2290 501 2315 ut
517 2278 588 2329 fibi
607 2292 750 2329 puerum
776 2280 921 2328 tradat,
946 2292 1078 2332 tempus
1102 2282 1191 2319 enim
1216 2282 1350 2333 adqffi,

67 2352 136 2390 quo
160 2338 199 2380 in
215 2338 367 2392 patrium
396 2338 455 2377 ille
482 2354 620 2392 regnum
645 2341 773 2392 restitui
793 2341 905 2393 poffit.
935 2341 1108 2384 Bimulus
1133 2344 1348 2382 admodum

116 2452 137 2492 5
164 2451 385 2496 L11.50seph.
414 2464 473 2495 13,
497 2463 528 2495 9.
556 2454 697 2487 Diodor.
721 2455 877 2489 Machab.
906 2468 936 2495 1,
964 2467 1015 2490 ιι.
1042 2459 1062 2501 §
1097 2456 1178 2490 LIII.
1204 2457 1347 2491 Diodor.

74 2495 211 2540 Ioseph.
231 2496 384 2530 Machala.
405 2509 415 2529 1
434 2524 441 2537 ,
466 2509 515 2530 ιι.
542 2498 715 2531 Emeum-2.
