1673 3052
284 204 824 252 HtsTORlARUM
858 204 976 250 Lm.
1010 202 1148 249 xm.
1301 216 1357 265 57

0 308 8 312 ⁵
74 327 127 362 tu
147 309 321 362 vi&0re
341 311 622 371 scandentem
644 310 920 373 Capitolium
946 310 999 357 ad
1014 309 1189 355 eosdem
1210 308 1358 363 Deos,

77 401 103 430 a
123 383 282 446 quibus
304 383 632 447 proficiscatur,
650 385 816 441 visuri;
839 402 894 431 an
911 384 1110 431 hostibus
1129 399 1222 429 eam
1243 399 1357 444 prae-

2 452 5 453 ⁷
75 454 215 502 bituri
254 456 452 503 laetitiam
490 455 612 502 sint?
657 455 773 502 Persi
809 468 954 502 autem
988 455 1116 516 regi,
1151 451 1359 500 adversus

77 544 211 591 quem
245 528 390 575 ibatur
412 566 427 585 ,
459 528 620 576 famam
653 530 703 576 δε
738 529 859 574 bello
898 528 1016 574 clara
1050 526 1359 573 Macedonum

77 617 215 664 gens,
241 602 288 649 &
311 600 538 663 Philippus
570 614 721 663 pater,
747 600 864 647 inter
890 601 1030 646 multa
1050 598 1261 662 prospere
1287 614 1359 660 ge-

77 673 140 726 sta
159 676 368 721 Romano
389 675 518 721 etiam
539 676 802 722 nobilitatus
821 674 962 731 bello,
983 674 1232 736 praebebat3
1263 683 1362 719 tum

77 746 214 810 ipsius
235 747 377 795 Persei
411 766 641 812 nunquam
659 785 672 806 ‚
702 765 757 795 ex
778 765 870 811 quo
890 764 1076 811 regnum
1106 743 1362 806 accepisset,

77 823 263 875 desitum
295 823 399 869 belli
429 824 759 886 exspefflatione
793 823 1002 870 celebrari
1037 838 1228 868 nomem
1257 836 1362 866 cum

79 894 151 941 his
178 894 532 958 cogitationibus
561 897 766 943 omnium
789 896 1001 943 ordinum
1023 895 1230 942 homines
1249 909 1361 954 pro-2

78 966 345 1016 ficiscentem
370 969 598 1016 consulem
621 969 847 1032 prosecuti
878 969 990 1016 sunt.
1018 971 1129 1016 Duo
1158 966 1363 1016 consula=

77 1058 149 1089 res
168 1043 336 1089 tribuni
367 1045 557 1091 militum
587 1062 687 1091 cum
721 1062 777 1092 eo
804 1046 943 1103 miffi,
964 1046 1018 1091 C.
1041 1043 1277 1100 Claudius,
1300 1043 1362 1101 Q.

79 1115 288 1172 Mucius;
316 1117 365 1163 &
394 1133 482 1163 tres
511 1117 698 1164 illustres
727 1117 936 1179 juvenes,
975 1119 1019 1163 P.
1040 1117 1286 1171 Lentulus,
1312 1115 1362 1161 &

76 1188 172 1234 duo
195 1189 352 1235 Manlii
375 1190 568 1237 Acidini.
595 1190 703 1239 alter
731 1193 791 1237 M.
815 1190 997 1245 Manlii,
1027 1190 1135 1236 alter
1161 1191 1208 1235 L.
1230 1190 1363 1232 Man—

78 1260 130 1306 lii
161 1260 278 1315 filius
309 1275 414 1309 erat.
444 1265 561 1310 Cum
584 1264 635 1309 iis
660 1263 814 1310 consul
836 1262 1115 1309 Brundisium
1145 1261 1199 1307 ad
1231 1277 1365 1306 exer·

79 1333 250 1399 citum)
276 1348 407 1388 atque
442 1336 572 1393 inde,
606 1354 706 1383 cum
744 1337 954 1383 omnibus
993 1335 1136 1398 copiis
1162 1332 1364 1379 transveae-

81 1406 203 1465 Eius,
232 1412 296 1456 vad
330 1409 636 1473 Nymphaeum
671 1410 716 1456 in
749 1409 1031 1472 Apolloniati
1067 1423 1175 1475 agro
1212 1404 1364 1469 posuit

73 1479 233 1527 castra.

143 1555 194 1600 L.
226 1554 399 1601 Paucos
430 1565 532 1601 ante
564 1556 655 1602 dies
688 1556 899 1614 Perseus,
935 1556 1171 1619 postquam
1198 1553 1366 1617 legati;

80 1626 137 1673 ab
164 1627 311 1672 Roma
334 1629 506 1691 regreffi
525 1666 536 1682 ‚
571 1629 860 1691 praeciderant
888 1630 1005 1692 spem
1034 1629 1152 1690 pacis
1173 1663 1185 1683 ‚
1212 1625 1363 1673 confi-

79 1699 188 1746 lium
222 1700 390 1748 habuit.
419 1702 482 1749 lbi
514 1702 784 1766 aliquamdiu
807 1703 986 1751 diversis
1018 1700 1244 1748 sententiis
1261 1715 1362 1745 cer-

79 1783 220 1819 tatum
254 1771 328 1819 est.
367 1775 530 1833 Erant,
562 1775 725 1838 quibus
755 1776 830 1821 vel
861 1774 1128 1837 stipendium
1165 1773 1365 1835 penden-

80 1844 187 1891 dum
204 1880 217 1900 ‚
250 1844 283 1890 si
306 1845 640 1909 injungeretur,
669 1848 742 1894 vel
760 1849 849 1912 agri
876 1861 1000 1911 parte
1022 1846 1272 1894 cedendum
1288 1881 1301 1904 ,
1331 1843 1365 1890 fi

73 1916 368 1975 *mulC'tarent3
397 1919 616 1983 quidquid
645 1922 835 1984 denique
857 1922 978 1968 aliud
997 1921 1116 1983 pacis
1137 1919 1265 1967 causa
1286 1935 1366 1982 pa-

73 1989 281 2036 ·tiendum
295 1991 423 2049 esset,
441 2008 535 2039 non
557 1993 848 2041 recusandum
866 1994 1118 2052 videretur,
1137 2010 1219 2040 nec
1238 2009 1363 2041 com-

83 2061 351 2110 mittendum
367 2099 381 2122 ‚
414 2078 463 2110 ut
488 2066 533 2111 in
567 2065 706 2112 aleam
733 2068 845 2113 tanti
869 2067 989 2115 casus
1024 2066 1065 2113 se
1086 2081 1364 2130 regnumque

83 2136 220 2184 daret.
255 2136 289 2185 S
293 2142 308 2185 i
327 2137 513 2203 poffiffio
543 2143 658 2186 haud
683 2145 878 2203 ambigua
903 2146 1014 2205 regni
1032 2157 1209 2187 maneret
1227 2176 1239 2197 ‚
1257 2144 1367 2186 mul-

83 2225 128 2256 ta
161 2214 266 2256 diem
296 2215 528 2274 tempusque
565 2213 703 2276 affirre
732 2214 848 2278 poffi
867 2251 879 2270 ‚
916 2219 1063 2276 quibus
1094 2234 1181 2261 nott
1214 2212 1365 2276 amffl

83 2285 208 2328 modo
227 2303 450 2345 recuperare
465 2321 479 2342 ‚
493 2287 577 2347 fid
599 2290 807 2333 timendus
827 2292 933 2334 ultro
951 2292 1005 2335 iis
1023 2287 1120 2351 ff,
1139 2306 1238 2350 quos
1255 2307 1363 2334 nunc

78 2359 237 2403 timeret
253 2392 268 2412 ,
287 2356 432 2419 poffet.
469 2358 681 2404 Ceterum
706 2359 849 2406 multo
870 2360 1015 2418 major
1035 2378 1134 2423 pars
1164 2359 1365 2406 ferocio-

82 2425 145 2473 ris
175 2426 399 2474 sententiae
425 2441 553 2476 erat:
590 2433 813 2492 Quidquid
836 2434 1021 2496 cqffiffit‚
1055 2453 1144 2480 cum
1170 2453 1216 2479 eo
1229 2434 1366 2498 fimul

85 2516 205 2570 regno
214 2504 410 2571 protinus
429 2505 651 2555 cedendum
669 2501 761 2568 ff,
780 2505 1072 2559 affirmabant.
1099 2508 1237 2570 Neque
1256 2509 1362 2554 enim
