1673 3052
297 196 360 259 76
656 194 1217 243 T1T1L1v11

290 317 440 365 quam.
465 300 622 364 primae
643 300 854 348 stationes
873 301 1090 365 oppreffae
1109 301 1303 349 tumultu
1331 318 1384 350 ac
1402 300 1577 350 teri-ore

289 373 373 419 suo
400 386 575 420 ceteros
596 373 891 420 exciverunt:
915 373 1177 437 signumque
1203 373 1353 421 datum
1373 374 1435 421 est
1452 375 1578 424 arma'

288 445 521 506 extemplo
548 444 780 507 capiendi;
810 445 1027 509 fimulque
1058 446 1106 491 in
1126 446 1251 493 vallo
1269 482 1287 504 ,
1312 446 1369 493 ad
1395 450 1575 510 portas,

289 517 418 563 miles
449 516 683 565 instructus
701 532 820 577 erat,
841 520 890 566 ὃ(
908 517 1105 564 intentus
1124 519 1480 583 propugnationi
1501 537 1577 568 ca-

288 587 496 635 strorum.
537 588 717 637 Perseus
753 591 802 638 &
837 590 1069 653 extemplo
1107 589 1372 655 circumegit
1405 592 1573 651 aciem,

288 665 340 711 &
368 664 511 726 prima
539 663 861 727 impedimenta
896 664 990 721 ire,
1028 663 1188 710 deinde
1220 664 1421 726 peditum
1451 666 1574 730 figna

289 735 396 782 ferri
415 735 545 797 juffit.
573 736 666 799 ipse
695 754 796 784 cum
819 736 1021 799 equitatu
1039 736 1202 785 &levi
1228 749 1453 784 armatura
1474 737 1578 785 sub-

289 808 400 856 stitit
425 811 481 857 ad
499 828 657 874 agmen
684 811 968 874 cogendum3
995 823 1120 858 ratus
1138 847 1152 870 ‚
1175 811 1222 857 id
1248 812 1373 876 quod
1389 811 1575 871 accidit,

289 880 571 930 insecuturos
599 883 654 930 ad
685 895 886 929 extrema
912 884 968 930 ab
999 896 1130 947 tergo
1163 884 1383 946 carpenda
1414 883 1579 931 hostes.

289 954 434 1001 Breve
455 966 680 1002 certamen
706 955 822 1002 levis
854 971 1087 1002 armaturae
1107 955 1302 1002 maxime
1335 972 1438 1002 cum
1468 972 1578 1018 pro-

289 1027 593 1076 cursatoribus
610 1029 707 1076 fuit.
735 1028 908 1092 equites
928 1028 1187 1093 peditesque
1206 1029 1296 1076 fine
1312 1029 1511 1076 tumultu
1527 1030 1577 1076 in

290 1100 429 1148 castra
453 1101 698 1150 redierunt.
733 1102 952 1149 Demeffis
980 1102 1099 1149 circa
1121 1102 1362 1165 segetibus,
1379 1101 1580 1148 Romani

290 1174 345 1220 ad
367 1175 648 1221 Cranonium
677 1175 893 1221 intafhim
917 1192 1070 1238 agrum
1103 1175 1243 1223 castra
1268 1187 1475 1223 movent.
1508 1173 1579 1222 lbi

290 1265 394 1295 cum
424 1249 593 1307 securi,
625 1251 674 1298 &
704 1263 892 1312 propter
910 1250 1152 1297 castrorum
1174 1249 1578 1314 longinquitatem,-

289 1323 340 1369 &
358 1321 447 1372 viae
466 1322 616 1385 inopis
635 1339 848 1387 aquarum
868 1322 1177 1369 difficultatem
1190 1359 1204 1381 ,
1230 1340 1332 1387 quae
1351 1323 1468 1370 inter
1485 1324 1576 1387 Sy-

290 1394 465 1441 curium
495 1396 544 1442 &
565 1396 777 1442 Cranona
808 1395 898 1453 est,
924 1394 1082 1443 stativa
1115 1396 1361 1452 haberent3
1393 1408 1578 1459 repente

289 1468 435 1531 prima
464 1468 563 1515 luce
592 1469 640 1514 in
663 1468 1000 1515 imminentibus
1033 1469 1218 1516 tumulis
1250 1469 1474 1533 equitatus
1503 1487 1581 1516 ree

290 1541 386 1604 gius
416 1558 516 1587 cum
548 1540 641 1587 levi
673 1552 894 1587 armatura
925 1540 1045 1588 visus
1079 1541 1308 1604 ingentem
1334 1542 1576 1589 tumultum

291 1613 412 1660 fecit.
431 1613 575 1660 Pridie
596 1631 673 1676 per
688 1613 924 1661 ‚meridiem
943 1613 1132 1676 profecti
1150 1614 1205 1660 ab
1217 1614 1412 1678 Sycurio
1429 1626 1580 1661 erant:

291 1688 492 1751 peditum
523 1705 683 1751 agmen
712 1687 791 1734 sub
817 1688 963 1734 lucem
988 1687 1262 1750 reliquerant
1291 1687 1339 1733 in
1367 1687 1579 1749 proxima

291 1759 493 1821 planitie.
522 1759 653 1806 Stetit
685 1758 905 1822 paulisper
929 1758 976 1804 in
1005 1758 1220 1818 tumulis,
1238 1758 1342 1818 elici
1369 1759 1492 1822 posse
1509 1776 1579 1807 ra-

290 1844 360 1878 tus
381 1833 436 1879 ad
456 1832 656 1897 equestre
678 1844 903 1879 certarnen
928 1831 1166 1879 Romanos
1185 1849 1197 1879 τ
1230 1830 1308 1894 qui
1337 1830 1578 1894 postquam

290 1904 402 1950 nihil
426 1905 699 1960 movebant,
721 1903 914 1966 equitem
934 1901 1103 1960 mittit,
1121 1901 1199 1965 qui
1220 1901 1389 1964 pedites
1409 1901 1577 1951 referre

291 1977 347 2021 ad
363 1977 607 2040 Sycurium
630 1976 746 2039 signa
767 1975 965 2036 juberet3
989 1974 1080 2038 ipse
1097 1991 1207 2021 mox
1224 1973 1462 2022 insecutus.
1479 1976 1578 2022 Ro-

292 2049 413 2094 mani
441 2049 640 2112 equites,
666 2048 854 2094 modico
882 2047 1124 2095 intervallo
1146 2046 1407 2109 sequentes,
1437 2047 1578 2096 sicubi

291 2120 461 2183 sparsos
491 2139 542 2169 ac
579 2122 808 2184 diffipatos
840 2120 1056 2168 invadere
1094 2119 1304 2182 possent,
1339 2121 1576 2185 postquam

291 2193 527 2241 confertos
544 2195 665 2240 abire
679 2230 691 2250 ,
729 2194 848 2256 signa
871 2207 1003 2256 atque
1023 2193 1206 2240 ordines
1226 2192 1451 2240 servantes
1466 2229 1479 2251 ,
1500 2193 1577 2242 vi·

292 2267 455 2313 derunt
469 2303 482 2325 ,
501 2269 550 2314 &
571 2266 651 2328 ipfi
673 2267 718 2312 in
740 2266 875 2312 castra
904 2267 1107 2313 redeunt.

358 2344 499 2389 LXV.
533 2343 669 2400 lnde,
697 2340 891 2388 offensus
922 2339 1251 2422 longinquitate
1278 2338 1474 2398 itineris,
1494 2355 1575 2385 rex

292 2415 344 2460 ad
380 2415 606 2477 Mopfium
644 2416 784 2462 castra
821 2415 996 2471 movit3
1036 2415 1085 2461 &
1120 2413 1344 2470 Romani,
1375 2412 1576 2460 demessis

293 2488 520 2537 Lranonis
547 2488 797 2553 segetibus,
833 2488 879 2534 in
904 2487 1223 2535 Phalannaeum
1250 2503 1404 2552 agrum
1435 2483 1573 2532 trans-
