1673 3052
275 178 980 249 ΗῐετωιυΑΗυΜ-ΗΒ.
1015 183 1157 228 XLV.
1265 182 1352 243 187

64 284 175 349 quid
203 283 300 332 fieri
332 284 495 341 vellet,
516 301 677 347 quam,
696 283 837 332 hostis
863 301 919 331 ex
954 284 1082 332 socio
1102 284 1268 344 sacius,
1302 285 1351 332 vi

0 415 2 418 Ι
64 371 199 422 atque
238 356 369 404 armis
409 350 589 419 ageret,
626 355 858 418 respondit
885 361 1037 403 2-N0n.
1071 362 1193 405 aliter
1226 372 1353 420 n'eque

65 429 224 495 claffem
245 446 522 476 revocaturum
538 466 546 477 ,
568 447 692 490 neque
715 432 934 476 exercitam
960 431 1214 478 reduc‘larum
1229 466 1243 490 ‚
1273 431 1359 495 nist

50 506 143 575 sibi
172 503 215 551 δ’
230 513 318 550 tota
343 506 479 564 Cypro
494 539 506 556 ,
536 500 579 550 G*
598 503 791 568 Pelusio,
817 521 1016 565 agroque,
1037 507 1108 565 qui
1141 507 1249 550 circa
1268 508 1356 551 Pe-

63 579 261 642 lusiacum
293 578 436 642 ostium
470 579 566 622 Nili
597 576 712 639 efflet,
739 580 887 622 cederet
907 593 923 622 .·
945 577 1153 638 diemque
1184 578 1355 640 praesti-

62 650 153 697 tuit
168 686 180 706 ‚
201 650 317 696 intra
339 666 472 712 quam
503 649 556 695 de
585 648 933 697 conditionibus
955 649 1145 712 peractis
1166 649 1355 714 respon-

62 722 158 770 sum
188 723 427 786 acciperet.

146 799 247 844 Xll.
281 796 520 861 Postquam
559 794 650 842 dies
686 795 784 842 data
821 795 1012 843 induciis
1042 796 1257 859 praeteriit
1278 832 1292 854 ,
1327 797 1354 821 ⁴⁶

64 869 380 933 navigantibus
419 868 535 915 ostio
573 868 667 915 Nili
701 869 756 915 ad
787 869 1032 928 Pelusium,
1068 887 1149 932 per
1185 869 1354 917 deserta

65 943 244 991 Arabiae
279 945 306 967 ³*
339 942 394 988 ad
428 941 680 1003 Memphim
715 942 1006 1001 incolebant,
1047 945 1098 990 &
1133 944 1189 991 ab
1231 955 1354 991 cete-

66 1016 127 1062 ris
156 1015 406 1079 AEgyptiiS‚
438 1015 599 1078 partim
628 1015 892 1073 voluntate,
924 1014 1085 1077 partim
1121 1028 1265 1074 metu,
1300 1016 1356 1063 ad

65 1088 382 1136 Alexandriam
409 1087 603 1135 modicis
631 1087 867 1136 itineribus
885 1087 1123 1135 descendit.
1159 1089 1229 1134 Ad
1245 1091 1357 1135 Leu-

64 1162 202 1210 smem
222 1161 483 1226 transgresso
503 1160 698 1220 flumen,
731 1160 811 1225 qui
841 1161 970 1208 locus
995 1175 1190 1225 quatuor
1217 1162 1358 1210 millia

19 1233 26 1238 ’
66 1234 122 1283 ab
158 1234 427 1283 Alexandria
466 1233 607 1292 abest,
643 1234 776 1298 legati
813 1234 1010 1281 Romani
1046 1247 1358 1283 occurrerunt.

65 1323 183 1369 quos
214 1323 316 1353 cum
346 1305 638 1355 advenientes
669 1306 909 1365 salutasset,
945 1307 1242 1370 dextramque
1267 1308 1357 1352 Po-

66 1379 197 1442 pillio
225 1379 497 1443 porrigerem
525 1379 708 1426 tabellas
732 1379 773 1426 ei
795 1379 1012 1442 Popillius
1041 1379 1252 1442 scripturn
1280 1380 1357 1427 ha-

66 1451 223 1499 bentes
249 1452 410 1510 tradit,
436 1467 572 1515 atque
597 1451 801 1498 omnium
823 1453 1016 1515 primum
1047 1452 1093 1499 id
1116 1453 1261 1516 legere
1288 1453 1358 1515 ju-

65 1524 156 1572 bet.
195 1524 359 1587 quibus
386 1523 616 1587 perlecti3‚
635 1540 735 1570 cum
765 1523 806 1570 se
835 1524 1218 1571 consideraturum
1236 1562 1252 1582 ,
1280 1525 1358 1572 ad·-

68 1595 224 1644 hibitis
258 1596 439 1654 amicis,
467 1595 576 1659 quid
606 1595 861 1643 faciendum
890 1596 969 1643 fibi
999 1596 1131 1653 effet,
1155 1597 1358 1654 dixiffet3

67 1667 290 1730 Popillius
309 1702 323 1727 ,
341 1685 424 1731 pro
445 1680 590 1716 cetera
607 1667 838 1731 asperitate
859 1668 1022 1727 animi,
1044 1668 1174 1732 virga
1191 1704 1204 1726 ,
1222 1686 1358 1731 quam

0 1734 19 1774 s
69 1740 118 1786 in
139 1757 276 1788 manu
297 1741 504 1805 gerebat,
529 1741 870 1805 circumscripsit
900 1759 1050 1806 regem
1074 1760 1084 1788 :
1105 1759 1155 1810 ac
1170 1777 1184 1799 ‚
1205 1745 1359 1804 Prius:-

69 1832 193 1875 quam
222 1816 298 1860 lzoc
324 1817 476 1861 circulo
507 1819 709 1869 excedas,
740 1815 915 1879 inquit,
943 1818 1060 1862 redde
1089 1816 1326 1876 reſjwoszsum
1343 1850 1360 1872 ‚

58 1889 230 1951 senatui
267 1893 381 1950 quod
412 1889 598 1949 referam.
634 1889 981 1952 Obstupefachls
1017 1902 1104 1936 tam
1143 1886 1359 1935 violento

69 1960 263 2023 imperio
293 1979 531 2025 parumper
551 1980 652 2010 cum
682 1963 909 2010 haesitasset
923 2000 937 2021 ,
956 1965 1128 2010 Faciam
1145 1999 1159 2022 ,
1184 1962 1360 2025 inquit,

69 2039 184 2096 quod
206 2037 335 2097 censet
341 2038 546 2097 senatus.⁴
562 2036 684 2083 Tum
705 2036 884 2083 demum
911 2036 1129 2099 Popillius
1156 2035 1358 2082 dextram

68 2109 190 2172 regi,
225 2126 438 2175 tanquam
473 2111 600 2159 socio
631 2124 764 2175 atque
794 2112 941 2159 amico
960 2147 974 2170 ‚
1004 2109 1227 2175 porrexit.
1266 2109 1361 2157 Die

69 2184 231 2231 deinde
258 2184 396 2233 'finita
427 2204 529 2234 cum
563 2187 805 2234 excessiffet
833 2188 1037 2251 AEgypto
1075 2185 1329 2233 Antiochus
1347 2220 1362 2242 ‚

49 2255 202 2319 ‘legati
217 2294 232 2315 ,
250 2260 496 2306 concordia
520 2261 653 2307 etiam
685 2260 951 2307 audientiae
972 2260 1047 2307 sua
1067 2259 1184 2305 inter
1203 2258 1360 2304 fratres

67 2326 270 2388 firmata,
290 2331 406 2378 inter
435 2349 551 2395 quos
579 2332 772 2379 vixdum
803 2345 1110 2387 convenerat,
1136 2347 1237 2393 pars
1257 2331 1359 2393 Cy-

69 2417 201 2464 prum
229 2403 476 2466 navigant:
498 2406 548 2451 &
579 2405 706 2460 inde,
739 2422 840 2466 quae
871 2404 959 2466 jam
991 2404 1163 2450 vicerat
1189 2402 1360 2465 proelio

67 2475 305 2543 AEgyptias
333 2493 499 2538 naveS,
520 2477 695 2527 clafl'em
715 2477 936 2526 Antiochi
957 2476 1205 2525 dimittunt.
1228 2475 1361 2524 Clara

652 2664 674 2697 ι·
