1673 3052
654 35 669 54 N

299 171 839 221 HISTORIARUM
875 176 997 223 LIB.
1032 178 1189 226 XLIII.
1303 195 1360 243 95

73 273 414 337 mille‘pafl'uum
435 276 490 322 ab
508 277 654 324 Roma
673 277 845 327 abesset.
865 282 952 337 Ea,
974 280 1041 327 uti
1061 281 1234 330 senatus
1256 301 1366 331 cen-

72 347 182 405 suit,
203 346 302 394 sunt
322 347 445 396 fasia.
469 350 666 397 Comitia
693 353 945 401 consularia
966 367 1068 402 ante
1091 355 1206 403 diem
1229 357 1366 419 quin-

72 431 168 465 tum
202 419 429 468 Kalendas
461 422 744 484 Septembres
784 423 922 473 fuere.
963 425 1363 478 Creati‘consules

69 493 254 553 suntQ.
286 494 481 541 Marcius
511 495 744 558 Philippus
778 497 935 545 iterum
963 501 1012 547 &
1039 502 1124 548 Cn.
1145 502 1363 550 Servilius

71 566 249 628 Caepio.
286 567 386 629 post
420 568 536 614 diem
569 570 748 616 tertium
783 584 999 633 praetores
1032 573 1132 621 sunt
1168 575 1269 622 faffi
1305 579 1361 623 C.

71 639 342 696 Decimius,
377 642 442 687 M.
488 640 706 690 Claudius
745 645 1012 702 Marcellus,
1051 649 1103 694 C.
1140 649 1362 711 Sulpicius

69 711 251 771 Gallus,
269 714 322 759 C.
350 713 550 762 Marcius
575 715 752 779 Figulus
769 753 782 775 ,
803 719 894 765 Ser.
923 721 1167 768 Cornelius
1193 725 1362 769 Lentu-

69 783 160 844 lus,
180 787 226 833 P.
247 786 460 848 Fontejus
482 788 665 851 Capito.
685 790 939 854 Defignatis
955 794 1221 855 praetoribus
1239 813 1359 859 prae·

68 873 138 905 ter
158 859 265 907 duas
287 860 505 917 urbanas,
526 874 722 925 quatuor
741 864 994 925 provinciae
1018 866 1117 912 sunt
1138 869 1326 916 decretae
1345 907 1357 926 ,

71 930 312 993 Hispania,
343 933 395 980 &
415 933 639 988 Sardinia,
663 935 714 984 &
738 936 914 995 Sicilia,
939 939 989 984 &
1019 939 1173 987 claffis.
1204 943 1358 1006 Legati

69 1020 126 1051 ex
144 1006 439 1065 Macedonia,
461 1009 619 1056 exafio
641 1010 885 1057 admodum
916 1013 1063 1060 mense
1092 1015 1356 1074 Februario,

67 1078 309 1126 redierunt.
344 1080 432 1138 Hi,
452 1097 559 1145 quas
587 1098 655 1128 res
682 1097 731 1127 ea
761 1081 906 1129 aestate
931 1085 1144 1148 prospere
1174 1087 1359 1150 ge‘ffiffet

67 1167 149 1199 rex
177 1154 383 1213 Perseus,
413 1154 691 1214 referebant,
723 1156 1003 1220 quantusque
1033 1159 1172 1204 timor
1204 1160 1355 1207 socios

68 1226 231 1288 populi
254 1228 451 1275 Romani
484 1228 692 1292 cepisset,
712 1238 784 1275 tot
803 1228 988 1276 urbibus
1010 1230 1057 1276 in
1088 1232 1355 1294 potestatem

69 1300 182 1363 re'gis
206 1302 406 1349 redaffis.
435 1306 680 1349 Exercitum
709 1304 891 1364 consulis
920 1305 1212 1367 infrequentem
1243 1327 1357 1354 com-

67 1377 270 1422 meatibus
288 1380 412 1439 vulgo
435 1379 548 1422 datis
566 1396 643 1437 per
659 1379 925 1422 ambitionem
946 1377 1018 1441 effi
1035 1398 1051 1425 .·
1070 1385 1233 1441 culpam
1261 1382 1354 1438 ejus

66 1449 121 1491 rei
149 1449 352 1508 consulem
374 1451 420 1493 in
437 1450 625 1494 tribunos
649 1450 827 1493 militum
842 1483 853 1502 ‚
874 1466 1016 1496 contra
1046 1455 1142 1498 illos
1173 1457 1217 1499 in
1248 1473 1352 1500 con-

56 1521 190 1580 sidem
219 1521 403 1580 confirre.
430 1522 748 1583 Ignominiam,
783 1522 958 1570 Claudii
988 1528 1207 1573 temeritate
1237 1546 1354 1573 acce—

58 1612 205 1656 ptam,
222 1601 373 1644 elevare
391 1615 456 1643 eos
474 1600 621 1644 Patres
646 1613 880 1657 acceperunt
888 1632 904 1652 ,
926 1599 996 1657 qui
1009 1591 1236 1660 perpaucos
1262 1606 1354 1646 lta-

66 1668 139 1711 lici
154 1671 309 1728 generis
323 1702 337 1724 ‚
358 1666 401 1714 δ’
419 1686 575 1729 magna
594 1686 646 1712 ex
658 1683 775 1727 parte
795 1673 1064 1714 tumultuario
1086 1672 1234 1718 deleflu
1254 1691 1354 1718 con-

54 1739 240 1799 scriptos
260 1743 320 1786 ibi
346 1742 498 1787 milites
526 1740 694 1803 amiffin
719 1741 953 1801 referebant.
984 1744 1205 1792 Consules
1237 1747 1352 1793 desi-

63 1811 215 1874 gnati,
235 1813 315 1859 ubi
346 1814 539 1875 primum
564 1813 862 1878 magistratum
887 1814 1088 1874 inissent,
1115 1817 1168 1863 de
1196 1821 1352 1867 Mace-

65 1883 203 1930 donia
233 1883 399 1934 referre
424 1885 479 1931 ad
507 1884 704 1931 senatum
733 1884 829 1946 juffi
853 1904 863 1931 :
891 1886 1207 1952 destinataeque
1240 1908 1351 1953 pro-

64 1956 231 2004 vinciae
261 1956 312 2005 iis
343 1957 443 2004 sunt
466 1958 588 2004 Italia
606 1959 656 2004 &
686 1957 970 2005 Macedonia.
996 1960 1100 2008 Hoc
1122 1978 1243 2007 anno
1278 1962 1351 2008 in-

64 2030 327 2077 tercalatum
344 2031 405 2078 est
426 2050 436 2078 :
458 2032 592 2078 tertio
614 2032 684 2077 die
710 2030 810 2093 post
835 2031 1108 2080 Terminalia
1128 2035 1348 2081 Kalendae

64 2103 350 2152 intercalares
367 2104 502 2152 fuere.
517 2106 777 2152 Sacerdotes
792 2105 907 2151 intra
922 2122 1024 2152 eum
1040 2124 1205 2155 annum
1226 2125 1350 2154 mor-

60 2179 156 2234 tui,
181 2180 229 2225 L.
259 2179 529 2225 Flamininus
549 2183 574 2205 *
597 2182 623 2204 ⁴*
657 2178 897 2242 pontifices
925 2181 1018 2227 duo
1050 2182 1349 2239 decesserunt,

63 2254 114 2300 L.
144 2253 298 2300 Furius
329 2254 480 2300 Philus
501 2257 550 2302 &
573 2255 627 2302 C.
657 2255 813 2302 Livius
841 2255 1077 2303 Salinator.
1111 2257 1157 2302 in
1193 2257 1345 2303 locum

64 2325 184 2371 Furii
221 2327 277 2374 T.
298 2326 520 2373 Manlium
553 2328 862 2390 Torquatum,
883 2329 928 2374 in
951 2329 1071 2378 Livii
1099 2330 1163 2375 M.
1196 2328 1349 2377 Servi-

63 2395 174 2443 lium
206 2397 444 2460 pontifices
479 2401 696 2462 legerunt.

130 2471 231 2518 XII.
273 2470 503 2535 Principio
544 2472 814 2535 insequentis
851 2472 955 2518 anni
998 2490 1100 2519 cum
1140 2471 1348 2520 consules
