1673 3052
277 215 370 263 174
641 194 1202 244 T1T1L1v11

328 297 456 340 Galba
469 330 480 347 ‚
499 297 752 348 triumphavit
769 310 777 336 :
797 298 833 336 &
849 293 982 336 Persen
1008 309 1096 336 cum
1118 296 1238 336 tribus
1255 292 1341 336 filiis
1365 300 1452 335 ante
1468 303 1560 334 cur-

331 375 415 402 rum
441 363 561 401 duxit.
591 361 699 408 cujus
728 357 914 408 triumphi
936 357 1066 397 laetitia
1087 370 1134 396 ne
1157 357 1278 396 solida
1300 356 1335 396 ei
1356 349 1560 408 continge-

328 434 410 473 ret,
430 424 596 462 duorum
616 421 781 461 filiorum
804 420 1000 460 funeribus
1028 420 1201 472 insignita
1223 419 1296 459 est:
1318 432 1480 470 quorum
1501 417 1563 457 al-

332 486 448 526 terius
488 497 590 524 mors
626 484 739 534 patris
769 480 1008 533 triumphum
1036 481 1241 533 praecessit,
1261 479 1415 521 alterius
1436 479 1564 520 secuta

333 547 396 586 est.
420 547 593 586 Lustrum
616 545 817 584 conditum
834 543 886 583 est
900 557 922 583 a
937 542 1168 582 censoribus.
1186 541 1305 583 Censa
1321 541 1408 581 sunt
1419 540 1563 579 civium

333 612 461 661 capita
496 617 670 648 trecenta
700 608 918 648 duodecim
949 605 1069 646 millia
1087 636 1100 654 ,
1129 605 1346 657 ostingenta
1382 603 1563 655 quinque.

332 671 476 714 Prufias
493 702 504 720 ,
526 670 713 722 Bithyniae
743 683 829 719 rex,
852 670 1037 718 Romam,
1068 675 1109 707 ut
1135 667 1282 707 senatui
1312 665 1563 718 gratularetur

334 735 385 776 ob
412 734 611 774 vietoriam
632 747 679 774 ex
704 733 938 775 Macedonia
962 740 1132 782 partam,
1156 730 1288 778 venit;
1306 731 1343 770 ἃ
1373 730 1564 769 Nicome-

335 798 424 838 dem
450 796 573 835 filium
591 795 737 835 senatui
762 793 1063 834 commendavit.
1089 793 1192 841 Rex,
1209 788 1344 844 plenus
1371 789 1565 831 adulatio·

329 860 416 908 nis,
437 858 620 898 libertum
644 856 682 897 se
704 856 838 908 populi
859 856 1025 898 Romani
1050 854 1215 896 dicebat.

275 1033 312 1080 Ι.
348 966 708 1078 VICTORUE
732 1022 906 1083 nuntii,
931 1020 992 1084 Q.
1015 1019 1174 1069 Fabius
1206 1020 1256 1066 &
1280 1020 1329 1066 L.
1347 1016 1563 1065 Lentulus

279 1107 333 1153 δε
361 1104 423 1163 Q.
450 1089 686 1156 Metellus,
716 1107 882 1161 quanta
908 1093 1060 1158 potuit
1086 1091 1287 1145 adhiberi
1312 1088 1568 1146 festinatio,

279 1177 490 1226 celeriter
507 1177 700 1222 Romam
722 1188 824 1219 cum
845 1168 1063 1216 veniffent
1076 1202 1090 1224 ,
1108 1176 1400 1230 praecerptam
1419 1176 1568 1212 tamen

285 1250 381 1313 ejus
401 1249 464 1297 rei
479 1246 681 1295 laetitiam
699 1246 986 1292 invenerunt.
1002 1243 1184 1302 Quarto
1204 1241 1303 1303 post
1321 1238 1418 1297 die,
1433 1253 1569 1302 quam

286 1341 393 1372 cum
428 1338 531 1386 rege
566 1319 627 1368 est
661 1330 944 1381 pugnatum,
979 1331 1081 1362 cum
1116 1314 1164 1360 in
1199 1313 1324 1361 circo
1361 1311 1454 1358 ludi
1488 1308 1569 1356 fie-

285 1408 417 1454 rent,
437 1409 639 1442 murmur
672 1403 855 1453 repente
885 1386 1045 1452 populi
1076 1397 1174 1452 teta
1204 1383 1448 1449 speflacula
1467 1398 1570 1447 per-

288 1470 425 1530 vasu,
447 1485 681 1532 pugnatum
700 1468 744 1512 irz
763 1465 1041 1518 Macedonia,
1062 1460 1103 1508 ὃ·
1121 1461 1321 1507 Δενίἑῖιιιη
1341 1477 1465 1521 regem
1486 1456 1571 1521 effi.

288 1546 415 1594 Dein
437 1541 639 1590 fremitus
663 1537 908 1587 increbuit:
942 1535 1172 1600 postremo
1190 1533 1359 1581 clamor
1378 1530 1572 1595 plausus-

289 1636 404 1684 que,
424 1617 551 1664 velut
582 1627 707 1663 certo
735 1611 900 1660 nuntio
934 1609 1138 1657 vistoriae
1167 1607 1331 1663 allato,
1356 1604 1419 1652 est
1435 1620 1573 1652 exor-

290 1705 375 1741 tus,
407 1690 563 1737 Mirari
598 1687 875 1752 magistratus
893 1722 908 1745 ‚
941 1687 991 1732 &
1018 1698 1217 1747 quaerere
1245 1682 1471 1730 au&orem
1499 1697 1572 1726 re-

290 1765 490 1831 pentinae
521 1763 717 1811 laetitiae:
751 1761 829 1825 qui
864 1759 1099 1823 postquam
1131 1756 1281 1803 nullus
1308 1765 1438 1812 erat,
1468 1770 1573 1800 eva·

289 1839 394 1893 nuit
421 1838 602 1902 quidem
637 1850 848 1897 tanquam
866 1833 1048 1879 incertae
1070 1829 1134 1876 rei
1167 1826 1409 1892 gaudium3
1436 1841 1572 1872 omen

293 1927 444 1960 tamen
464 1912 614 1957 laemm
635 1908 851 1955 insidebat
871 1904 1044 1952 animis.
1075 1902 1218 1964 Quod
1240 1901 1474 1965 postquam
1494 1915 1574 1947 ve-

293 1986 355 2031 ris
389 1983 558 2030 nuntiis
585 1981 708 2028 Fabii
726 1978 992 2040 Lentulique
1013 1979 1062 2024 &
1085 1975 1254 2022 Metelli
1278 1974 1478 2020 adventu
1493 1971 1574 2018 fir-

290 2069 465 2103 matum
498 2055 588 2113 est,
625 2071 730 2101 cum
757 2052 949 2099 Vifiioria
981 2048 1098 2111 ipsa,
1126 2060 1221 2094 tum
1251 2045 1442 2110 augurio
1477 2044 1576 2091 ani-

294 2145 477 2176 morum
509 2127 689 2173 suorum
709 2161 723 2183 ‚
747 2123 1021 2170 laetabantur.
1054 2124 1109 2167 Et
1129 2121 1255 2166 aliter
1278 2118 1468 2165 traditur
1484 2118 1575 2165 cir-

297 2202 437 2251 censis
471 2200 617 2247 turbae
648 2214 742 2243 non
776 2197 923 2243 minus
955 2194 1106 2241 fimilis
1136 2193 1234 2242 veri
1258 2191 1425 2239 laetitia.
1459 2192 1576 2239 Ante

298 2277 415 2324 diem
432 2273 651 2322 decimum
672 2270 898 2317 Kalendas
917 2269 1165 2324 ORobres,
1180 2266 1391 2313 ludorum
1408 2264 1578 2310 Roma-

232 2392 234 2397 ,
296 2364 463 2396 unorum
498 2344 693 2392 secundo
727 2343 824 2400 die,
854 2343 908 2388 C.
934 2340 1113 2387 Licinio
1147 2337 1352 2396 consuli,
1385 2337 1439 2383 ad
1471 2352 1577 2399 qua-

301 2423 446 2486 drigas
467 2419 702 2467 mittendas
733 2416 1016 2473 escendenti,
1050 2413 1329 2469 tabellarius,
1362 2410 1439 2475 qui
1462 2409 1501 2456 se
1520 2425 1576 2455 ex

234 2518 238 2523 ·
303 2492 573 2543 Macedonia
604 2490 759 2541 venire
786 2491 986 2549 diceret,
1010 2488 1258 2536 *laureatas
1288 2484 1436 2533 literas
1463 2481 1578 2537 dici-2
