<?xml version="1.0" encoding="UTF-8"?>
<!DOCTYPE html PUBLIC "-//W3C//DTD XHTML 1.0 Transitional//EN"
    "http://www.w3.org/TR/xhtml1/DTD/xhtml1-transitional.dtd">
<html xmlns="http://www.w3.org/1999/xhtml" xml:lang="en" lang="en">
 <head>
  <title>
</title>
<meta http-equiv="Content-Type" content="text/html;charset=utf-8" />
  <meta name='ocr-system' content='tesseract 3.04.00' />
  <meta name='ocr-capabilities' content='ocr_page ocr_carea ocr_par ocr_line ocrx_word'/>
</head>
<body>
  <div class='ocr_page' id='page_1' title='image "./historiarumlibri07livyuoft_0044.png"; bbox 0 0 1673 3052; ppageno 0'>
   <div class='ocr_carea' id='block_1_1' title="bbox 315 199 1234 263">
    <p class='ocr_par' dir='ltr' id='par_1_1' title="bbox 315 199 1234 263">
     <span class='ocr_line' id='line_1_1' title="bbox 315 199 1234 263; baseline 0.003 -16"><span class='ocrx_word' id='word_1_1' title='bbox 315 201 375 263; x_wconf 81' lang='lat'><strong>36</strong></span> <span class='ocrx_word' id='word_1_2' title='bbox 664 199 886 248; x_wconf 79' lang='grc' dir='ltr'>τιτι</span> <span class='ocrx_word' id='word_1_3' title='bbox 962 201 1234 250; x_wconf 86' lang='lat' dir='ltr'>L1V11</span> 
     </span>
    </p>
   </div>
   <div class='ocr_carea' id='block_1_2' title="bbox 295 306 1599 2552">
    <p class='ocr_par' dir='ltr' id='par_1_2' title="bbox 305 306 1599 1598">
     <span class='ocr_line' id='line_1_2' title="bbox 312 306 1597 371; baseline 0.001 -16"><span class='ocrx_word' id='word_1_4' title='bbox 312 306 550 355; x_wconf 83' lang='lat' dir='ltr'><strong>consulum</strong></span> <span class='ocrx_word' id='word_1_5' title='bbox 587 317 922 371; x_wconf 81' lang='lat' dir='ltr'><strong>praetorumque</strong></span> <span class='ocrx_word' id='word_1_6' title='bbox 959 306 1006 353; x_wconf 89' lang='lat' dir='ltr'><strong>in</strong></span> <span class='ocrx_word' id='word_1_7' title='bbox 1036 307 1090 354; x_wconf 86' lang='lat' dir='ltr'><strong>iis</strong></span> <span class='ocrx_word' id='word_1_8' title='bbox 1130 307 1345 355; x_wconf 83' lang='lat' dir='ltr'>faciendis</span> <span class='ocrx_word' id='word_1_9' title='bbox 1378 306 1597 370; x_wconf 85' lang='lat' dir='ltr'><strong>judicium</strong></span> 
     </span>
     <span class='ocr_line' id='line_1_3' title="bbox 311 378 1599 444; baseline 0 -17"><span class='ocrx_word' id='word_1_10' title='bbox 311 380 639 443; x_wconf 76' lang='lat' dir='ltr'>arbitriumque</span> <span class='ocrx_word' id='word_1_11' title='bbox 659 379 776 427; x_wconf 73' lang='lat' dir='ltr'><strong>ess&#39;et.</strong></span> <span class='ocrx_word' id='word_1_12' title='bbox 809 381 928 426; x_wconf 88' lang='lat' dir='ltr'><strong>Inter</strong></span> <span class='ocrx_word' id='word_1_13' title='bbox 947 391 1164 442; x_wconf 84' lang='lat' dir='ltr'><strong>praetores</strong></span> <span class='ocrx_word' id='word_1_14' title='bbox 1193 379 1254 427; x_wconf 90' lang='lat' dir='ltr'><strong>ita</strong></span> <span class='ocrx_word' id='word_1_15' title='bbox 1274 378 1433 443; x_wconf 87' lang='lat' dir='ltr'><strong>partita</strong></span> <span class='ocrx_word' id='word_1_16' title='bbox 1452 380 1599 444; x_wconf 87' lang='lat' dir='ltr'><strong>impe-</strong></span> 
     </span>
     <span class='ocr_line' id='line_1_4' title="bbox 314 448 1597 515; baseline 0 -17"><span class='ocrx_word' id='word_1_17' title='bbox 314 452 396 499; x_wconf 87' lang='lat' dir='ltr'><strong>ria.</strong></span> <span class='ocrx_word' id='word_1_18' title='bbox 425 464 691 515; x_wconf 80' lang='lat' dir='ltr'><strong>praetorem,</strong></span> <span class='ocrx_word' id='word_1_19' title='bbox 710 449 837 512; x_wconf 84' lang='lat' dir='ltr'><strong>cujus</strong></span> <span class='ocrx_word' id='word_1_20' title='bbox 861 449 956 496; x_wconf 88' lang='lat' dir='ltr'><strong>sors</strong></span> <span class='ocrx_word' id='word_1_21' title='bbox 972 448 1117 496; x_wconf 85' lang='lat' dir='ltr'><strong>fuiffet</strong></span> <span class='ocrx_word' id='word_1_22' title='bbox 1129 485 1143 509; x_wconf 90' lang='lat'><strong>,</strong></span> <span class='ocrx_word' id='word_1_23' title='bbox 1161 462 1211 497; x_wconf 89' lang='lat' dir='ltr'><strong>ut</strong></span> <span class='ocrx_word' id='word_1_24' title='bbox 1228 451 1340 510; x_wconf 87' lang='lat' dir='ltr'><strong>iret,</strong></span> <span class='ocrx_word' id='word_1_25' title='bbox 1355 467 1450 515; x_wconf 88' lang='lat' dir='ltr'><strong>quo</strong></span> <span class='ocrx_word' id='word_1_26' title='bbox 1469 450 1597 498; x_wconf 89' lang='lat' dir='ltr'><strong>sena-</strong></span> 
     </span>
     <span class='ocr_line' id='line_1_5' title="bbox 313 520 1596 586; baseline 0 -17"><span class='ocrx_word' id='word_1_27' title='bbox 313 535 386 569; x_wconf 89' lang='lat' dir='ltr'><strong>tus</strong></span> <span class='ocrx_word' id='word_1_28' title='bbox 415 521 668 580; x_wconf 72' lang='lat' dir='ltr'><strong>censuisset,</strong></span> <span class='ocrx_word' id='word_1_29' title='bbox 698 520 978 567; x_wconf 73' lang='lat' dir='ltr'><strong>Brundisium</strong></span> <span class='ocrx_word' id='word_1_30' title='bbox 1016 521 1070 567; x_wconf 91' lang='lat' dir='ltr'><strong>ad</strong></span> <span class='ocrx_word' id='word_1_31' title='bbox 1106 521 1279 569; x_wconf 80' lang='lat' dir='ltr'><strong>classem</strong></span> <span class='ocrx_word' id='word_1_32' title='bbox 1306 522 1372 570; x_wconf 88' lang='lat' dir='ltr'><strong>ire</strong></span> <span class='ocrx_word' id='word_1_33' title='bbox 1399 522 1596 586; x_wconf 87' lang='lat' dir='ltr'><strong>placuit;</strong></span> 
     </span>
     <span class='ocr_line' id='line_1_6' title="bbox 310 593 1596 660; baseline 0 -18"><span class='ocrx_word' id='word_1_34' title='bbox 310 609 451 660; x_wconf 85' lang='lat' dir='ltr'><strong>utque</strong></span> <span class='ocrx_word' id='word_1_35' title='bbox 470 595 532 642; x_wconf 86' lang='lat' dir='ltr'><strong>ibi</strong></span> <span class='ocrx_word' id='word_1_36' title='bbox 551 593 893 657; x_wconf 80' lang='lat' dir='ltr'><strong>recognosceret</strong></span> <span class='ocrx_word' id='word_1_37' title='bbox 911 593 1059 643; x_wconf 86' lang='lat' dir='ltr'><strong>socios</strong></span> <span class='ocrx_word' id='word_1_38' title='bbox 1081 595 1288 654; x_wconf 89' lang='lat' dir='ltr'><strong>navales,</strong></span> <span class='ocrx_word' id='word_1_39' title='bbox 1303 595 1596 660; x_wconf 88' lang='lat' dir='ltr'><strong>dimiffisque‚</strong></span> 
     </span>
     <span class='ocr_line' id='line_1_7' title="bbox 310 666 1597 733; baseline 0.001 -18"><span class='ocrx_word' id='word_1_40' title='bbox 310 669 344 715; x_wconf 87' lang='lat' dir='ltr'><strong>fi</strong></span> <span class='ocrx_word' id='word_1_41' title='bbox 371 668 451 733; x_wconf 89' lang='lat' dir='ltr'><strong>qui</strong></span> <span class='ocrx_word' id='word_1_42' title='bbox 484 684 639 731; x_wconf 86' lang='lat' dir='ltr'><strong>parum</strong></span> <span class='ocrx_word' id='word_1_43' title='bbox 668 666 824 713; x_wconf 87' lang='lat' dir='ltr'><strong>idonei</strong></span> <span class='ocrx_word' id='word_1_44' title='bbox 856 667 1020 725; x_wconf 74' lang='lat' dir='ltr'><strong>essent,</strong></span> <span class='ocrx_word' id='word_1_45' title='bbox 1046 666 1404 730; x_wconf 85' lang='lat' dir='ltr'><strong>supplementum</strong></span> <span class='ocrx_word' id='word_1_46' title='bbox 1432 669 1597 732; x_wconf 79' lang='lat' dir='ltr'><strong>legeret</strong></span> 
     </span>
     <span class='ocr_line' id='line_1_8' title="bbox 311 740 1597 804; baseline -0.001 -13"><span class='ocrx_word' id='word_1_47' title='bbox 311 759 369 791; x_wconf 84' lang='lat' dir='ltr'><strong>ex</strong></span> <span class='ocrx_word' id='word_1_48' title='bbox 398 741 644 799; x_wconf 86' lang='lat' dir='ltr'><strong>libertinis,</strong></span> <span class='ocrx_word' id='word_1_49' title='bbox 678 741 727 787; x_wconf 68' lang='grc' dir='ltr'><strong>ὅ(</strong></span> <span class='ocrx_word' id='word_1_50' title='bbox 759 740 881 786; x_wconf 88' lang='lat' dir='ltr'><strong>daret</strong></span> <span class='ocrx_word' id='word_1_51' title='bbox 909 756 1122 802; x_wconf 83' lang='lat' dir='ltr'><strong>operam,</strong></span> <span class='ocrx_word' id='word_1_52' title='bbox 1148 752 1198 788; x_wconf 88' lang='lat' dir='ltr'><strong>ut</strong></span> <span class='ocrx_word' id='word_1_53' title='bbox 1226 741 1326 788; x_wconf 81' lang='lat' dir='ltr'><strong>duae</strong></span> <span class='ocrx_word' id='word_1_54' title='bbox 1359 753 1506 804; x_wconf 86' lang='lat' dir='ltr'><strong>partes</strong></span> <span class='ocrx_word' id='word_1_55' title='bbox 1531 742 1597 790; x_wconf 89' lang='lat' dir='ltr'><strong>ci-</strong></span> 
     </span>
     <span class='ocr_line' id='line_1_9' title="bbox 310 811 1598 870; baseline 0.002 -8"><span class='ocrx_word' id='word_1_56' title='bbox 310 815 439 863; x_wconf 88' lang='lat' dir='ltr'><strong>vium</strong></span> <span class='ocrx_word' id='word_1_57' title='bbox 459 815 775 860; x_wconf 88' lang='lat' dir='ltr'><strong>Romanorum</strong></span> <span class='ocrx_word' id='word_1_58' title='bbox 788 849 801 870; x_wconf 93' lang='lat'><strong>,</strong></span> <span class='ocrx_word' id='word_1_59' title='bbox 823 811 952 858; x_wconf 85' lang='lat' dir='ltr'><strong>tertia</strong></span> <span class='ocrx_word' id='word_1_60' title='bbox 972 811 1197 861; x_wconf 90' lang='lat' dir='ltr'><strong>sociorum</strong></span> <span class='ocrx_word' id='word_1_61' title='bbox 1217 813 1334 862; x_wconf 80' lang='lat' dir='ltr'><strong>effer.</strong></span> <span class='ocrx_word' id='word_1_62' title='bbox 1353 815 1598 864; x_wconf 88' lang='lat' dir='ltr'><strong>Commea-</strong></span> 
     </span>
     <span class='ocr_line' id='line_1_10' title="bbox 309 885 1597 953; baseline 0.002 -19"><span class='ocrx_word' id='word_1_63' title='bbox 309 899 382 934; x_wconf 88' lang='lat' dir='ltr'><strong>tus</strong></span> <span class='ocrx_word' id='word_1_64' title='bbox 413 887 532 934; x_wconf 85' lang='lat' dir='ltr'><strong>clafli</strong></span> <span class='ocrx_word' id='word_1_65' title='bbox 568 885 911 950; x_wconf 81' lang='lat' dir='ltr'><strong>legionibusque</strong></span> <span class='ocrx_word' id='word_1_66' title='bbox 940 897 989 932; x_wconf 87' lang='lat' dir='ltr'><strong>ut</strong></span> <span class='ocrx_word' id='word_1_67' title='bbox 1025 903 1082 933; x_wconf 79' lang='lat' dir='ltr'><strong>ex</strong></span> <span class='ocrx_word' id='word_1_68' title='bbox 1113 886 1264 934; x_wconf 86' lang='lat' dir='ltr'>Sicilia</span> <span class='ocrx_word' id='word_1_69' title='bbox 1302 888 1597 953; x_wconf 81' lang='lat' dir='ltr'><strong>Sardiniaque</strong></span> 
     </span>
     <span class='ocr_line' id='line_1_11' title="bbox 308 959 1597 1024; baseline 0.003 -15"><span class='ocrx_word' id='word_1_70' title='bbox 308 961 689 1018; x_wconf 86' lang='lat' dir='ltr'><strong>subveherentur,</strong></span> <span class='ocrx_word' id='word_1_71' title='bbox 710 959 979 1022; x_wconf 70' lang='lat' dir='ltr'><strong>praetoribus</strong></span> <span class='ocrx_word' id='word_1_72' title='bbox 993 995 1009 1017; x_wconf 90' lang='lat'><strong>,</strong></span> <span class='ocrx_word' id='word_1_73' title='bbox 1031 961 1107 1023; x_wconf 88' lang='lat' dir='ltr'><strong>qui</strong></span> <span class='ocrx_word' id='word_1_74' title='bbox 1126 977 1197 1008; x_wconf 86' lang='lat' dir='ltr'><strong>eas</strong></span> <span class='ocrx_word' id='word_1_75' title='bbox 1217 962 1477 1024; x_wconf 88' lang='lat' dir='ltr'><strong>provincias</strong></span> <span class='ocrx_word' id='word_1_76' title='bbox 1496 962 1597 1013; x_wconf 75' lang='lat' dir='ltr'><strong>sor-1</strong></span> 
     </span>
     <span class='ocr_line' id='line_1_12' title="bbox 308 1033 1595 1095; baseline 0.002 -14"><span class='ocrx_word' id='word_1_77' title='bbox 308 1035 380 1081; x_wconf 88' lang='lat' dir='ltr'><strong>titi</strong></span> <span class='ocrx_word' id='word_1_78' title='bbox 407 1034 574 1091; x_wconf 79' lang='lat' dir='ltr'><strong>effent,</strong></span> <span class='ocrx_word' id='word_1_79' title='bbox 590 1033 791 1080; x_wconf 86' lang='lat' dir='ltr'><strong>mandari</strong></span> <span class='ocrx_word' id='word_1_80' title='bbox 821 1033 1020 1095; x_wconf 82' lang='lat' dir='ltr'><strong>placuit,</strong></span> <span class='ocrx_word' id='word_1_81' title='bbox 1050 1044 1098 1079; x_wconf 87' lang='lat' dir='ltr'><strong>ut</strong></span> <span class='ocrx_word' id='word_1_82' title='bbox 1117 1033 1276 1082; x_wconf 85' lang='lat' dir='ltr'><strong>alteras</strong></span> <span class='ocrx_word' id='word_1_83' title='bbox 1295 1035 1502 1083; x_wconf 86' lang='lat' dir='ltr'><strong>decumas</strong></span> <span class='ocrx_word' id='word_1_84' title='bbox 1523 1036 1595 1083; x_wconf 88' lang='lat' dir='ltr'><strong>Si·-</strong></span> 
     </span>
     <span class='ocr_line' id='line_1_13' title="bbox 307 1105 1594 1169; baseline 0.002 -17"><span class='ocrx_word' id='word_1_85' title='bbox 307 1106 421 1154; x_wconf 87' lang='lat' dir='ltr'><strong>culis</strong></span> <span class='ocrx_word' id='word_1_86' title='bbox 460 1105 696 1168; x_wconf 82' lang='lat' dir='ltr'><strong>Sardisque</strong></span> <span class='ocrx_word' id='word_1_87' title='bbox 731 1105 1026 1167; x_wconf 83' lang='lat' dir='ltr'><strong>imperarent,</strong></span> <span class='ocrx_word' id='word_1_88' title='bbox 1062 1117 1201 1169; x_wconf 88' lang='lat' dir='ltr'><strong>utque</strong></span> <span class='ocrx_word' id='word_1_89' title='bbox 1233 1106 1279 1153; x_wconf 93' lang='lat' dir='ltr'><strong>id</strong></span> <span class='ocrx_word' id='word_1_90' title='bbox 1318 1107 1594 1155; x_wconf 88' lang='lat' dir='ltr'><strong>frumentum</strong></span> 
     </span>
     <span class='ocr_line' id='line_1_14' title="bbox 305 1177 1594 1242; baseline 0.001 -15"><span class='ocrx_word' id='word_1_91' title='bbox 305 1181 364 1227; x_wconf 82' lang='lat' dir='ltr'><strong>ad</strong></span> <span class='ocrx_word' id='word_1_92' title='bbox 394 1178 643 1226; x_wconf 85' lang='lat' dir='ltr'><strong>exercitum</strong></span> <span class='ocrx_word' id='word_1_93' title='bbox 670 1177 715 1223; x_wconf 91' lang='lat' dir='ltr'><strong>in</strong></span> <span class='ocrx_word' id='word_1_94' title='bbox 744 1179 1059 1226; x_wconf 88' lang='lat' dir='ltr'><strong>Macedoniam</strong></span> <span class='ocrx_word' id='word_1_95' title='bbox 1092 1191 1362 1242; x_wconf 88' lang='lat' dir='ltr'><strong>portaretur.</strong></span> <span class='ocrx_word' id='word_1_96' title='bbox 1398 1180 1594 1228; x_wconf 88' lang='lat' dir='ltr'><strong>Siciliam</strong></span> 
     </span>
     <span class='ocr_line' id='line_1_15' title="bbox 309 1249 1594 1308; baseline -0.001 -9"><span class='ocrx_word' id='word_1_97' title='bbox 309 1254 367 1299; x_wconf 87' lang='lat' dir='ltr'><strong>C.</strong></span> <span class='ocrx_word' id='word_1_98' title='bbox 397 1250 614 1299; x_wconf 85' lang='lat' dir='ltr'><strong>Caninius</strong></span> <span class='ocrx_word' id='word_1_99' title='bbox 638 1249 821 1298; x_wconf 85' lang='lat' dir='ltr'><strong>Rebilus</strong></span> <span class='ocrx_word' id='word_1_100' title='bbox 854 1251 914 1297; x_wconf 90' lang='lat' dir='ltr'><strong>est</strong></span> <span class='ocrx_word' id='word_1_101' title='bbox 941 1251 1150 1308; x_wconf 88' lang='lat' dir='ltr'><strong>sortitus,</strong></span> <span class='ocrx_word' id='word_1_102' title='bbox 1175 1254 1224 1299; x_wconf 92' lang='lat' dir='ltr'><strong>L.</strong></span> <span class='ocrx_word' id='word_1_103' title='bbox 1258 1252 1414 1300; x_wconf 88' lang='lat' dir='ltr'><strong>Furius</strong></span> <span class='ocrx_word' id='word_1_104' title='bbox 1442 1253 1594 1300; x_wconf 85' lang='lat' dir='ltr'><strong>Philus</strong></span> 
     </span>
     <span class='ocr_line' id='line_1_16' title="bbox 307 1323 1594 1388; baseline 0.001 -17"><span class='ocrx_word' id='word_1_105' title='bbox 307 1324 554 1372; x_wconf 86' lang='lat' dir='ltr'><strong>Sardiniam</strong></span> <span class='ocrx_word' id='word_1_106' title='bbox 572 1359 585 1382; x_wconf 89' lang='lat'><strong>,</strong></span> <span class='ocrx_word' id='word_1_107' title='bbox 614 1325 661 1370; x_wconf 92' lang='lat' dir='ltr'><strong>L.</strong></span> <span class='ocrx_word' id='word_1_108' title='bbox 692 1323 938 1384; x_wconf 81' lang='lat' dir='ltr'><strong>Canulejus</strong></span> <span class='ocrx_word' id='word_1_109' title='bbox 970 1324 1260 1388; x_wconf 86' lang='lat' dir='ltr'><strong>Hispaniam,</strong></span> <span class='ocrx_word' id='word_1_110' title='bbox 1289 1326 1342 1373; x_wconf 88' lang='lat' dir='ltr'><strong>C.</strong></span> <span class='ocrx_word' id='word_1_111' title='bbox 1371 1325 1594 1388; x_wconf 87' lang='lat' dir='ltr'><strong>Sulpicius</strong></span> 
     </span>
     <span class='ocr_line' id='line_1_17' title="bbox 306 1395 1593 1457; baseline -0.001 -12"><span class='ocrx_word' id='word_1_112' title='bbox 306 1397 456 1445; x_wconf 88' lang='lat' dir='ltr'><strong>Galba</strong></span> <span class='ocrx_word' id='word_1_113' title='bbox 482 1397 695 1443; x_wconf 88' lang='lat' dir='ltr'><strong>urbanam</strong></span> <span class='ocrx_word' id='word_1_114' title='bbox 720 1395 1094 1457; x_wconf 68' lang='lat' dir='ltr'><strong>jurisdiclionem‚</strong></span> <span class='ocrx_word' id='word_1_115' title='bbox 1125 1399 1176 1443; x_wconf 89' lang='lat' dir='ltr'><strong>L.</strong></span> <span class='ocrx_word' id='word_1_116' title='bbox 1212 1396 1375 1444; x_wconf 88' lang='lat' dir='ltr'><strong>Villius</strong></span> <span class='ocrx_word' id='word_1_117' title='bbox 1405 1396 1593 1444; x_wconf 88' lang='lat' dir='ltr'><strong>Annalis</strong></span> 
     </span>
     <span class='ocr_line' id='line_1_18' title="bbox 305 1466 1593 1532; baseline 0 -16"><span class='ocrx_word' id='word_1_118' title='bbox 305 1469 427 1516; x_wconf 89' lang='lat' dir='ltr'><strong>inter</strong></span> <span class='ocrx_word' id='word_1_119' title='bbox 456 1467 734 1532; x_wconf 81' lang='lat' dir='ltr'><strong>peregrinos.</strong></span> <span class='ocrx_word' id='word_1_120' title='bbox 768 1469 821 1513; x_wconf 90' lang='lat' dir='ltr'><strong>C.</strong></span> <span class='ocrx_word' id='word_1_121' title='bbox 854 1468 1068 1515; x_wconf 82' lang='lat' dir='ltr'><strong>Lucretio</strong></span> <span class='ocrx_word' id='word_1_122' title='bbox 1099 1466 1267 1528; x_wconf 90' lang='lat' dir='ltr'><strong>Gallo,</strong></span> <span class='ocrx_word' id='word_1_123' title='bbox 1292 1484 1386 1532; x_wconf 89' lang='lat' dir='ltr'><strong>quo</strong></span> <span class='ocrx_word' id='word_1_124' title='bbox 1418 1468 1593 1517; x_wconf 90' lang='lat' dir='ltr'><strong>senatus</strong></span> 
     </span>
     <span class='ocr_line' id='line_1_19' title="bbox 307 1539 881 1598; baseline -0.007 -8"><span class='ocrx_word' id='word_1_125' title='bbox 307 1541 540 1590; x_wconf 61' lang='lat' dir='ltr'><strong>censuifl‘et</strong></span> <span class='ocrx_word' id='word_1_126' title='bbox 556 1577 569 1598; x_wconf 92' lang='lat'><strong>,</strong></span> <span class='ocrx_word' id='word_1_127' title='bbox 597 1540 692 1587; x_wconf 87' lang='lat' dir='ltr'><strong>sors</strong></span> <span class='ocrx_word' id='word_1_128' title='bbox 713 1539 881 1587; x_wconf 75' lang='lat' dir='ltr'><strong>evenit.</strong></span> 
     </span>
    </p>

    <p class='ocr_par' dir='ltr' id='par_1_3' title="bbox 295 1611 1592 2552">
     <span class='ocr_line' id='line_1_20' title="bbox 372 1611 1592 1678; baseline 0.002 -18"><span class='ocrx_word' id='word_1_129' title='bbox 372 1614 570 1660; x_wconf 88' lang='lat' dir='ltr'><strong>XXXll.</strong></span> <span class='ocrx_word' id='word_1_130' title='bbox 606 1615 723 1659; x_wconf 88' lang='lat' dir='ltr'><strong>lnter</strong></span> <span class='ocrx_word' id='word_1_131' title='bbox 757 1611 962 1658; x_wconf 87' lang='lat' dir='ltr'><strong>consules</strong></span> <span class='ocrx_word' id='word_1_132' title='bbox 994 1611 1132 1675; x_wconf 85' lang='lat' dir='ltr'><strong>magis</strong></span> <span class='ocrx_word' id='word_1_133' title='bbox 1171 1613 1423 1671; x_wconf 86' lang='lat' dir='ltr'><strong>cavillatio,</strong></span> <span class='ocrx_word' id='word_1_134' title='bbox 1457 1630 1592 1678; x_wconf 87' lang='lat' dir='ltr'><strong>quam</strong></span> 
     </span>
     <span class='ocr_line' id='line_1_21' title="bbox 307 1683 1591 1750; baseline 0 -17"><span class='ocrx_word' id='word_1_135' title='bbox 307 1701 468 1749; x_wconf 80' lang='lat' dir='ltr'><strong>magna</strong></span> <span class='ocrx_word' id='word_1_136' title='bbox 503 1683 765 1741; x_wconf 90' lang='lat' dir='ltr'><strong>contentio,</strong></span> <span class='ocrx_word' id='word_1_137' title='bbox 796 1683 849 1729; x_wconf 88' lang='lat' dir='ltr'><strong>de</strong></span> <span class='ocrx_word' id='word_1_138' title='bbox 884 1683 1122 1745; x_wconf 88' lang='lat' dir='ltr'><strong>provincia</strong></span> <span class='ocrx_word' id='word_1_139' title='bbox 1155 1683 1251 1730; x_wconf 70' lang='lat' dir='ltr'><strong>fuit.</strong></span> <span class='ocrx_word' id='word_1_140' title='bbox 1287 1684 1591 1750; x_wconf 79' lang='lat' dir='ltr'><strong>Caflius,sine</strong></span> 
     </span>
     <span class='ocr_line' id='line_1_22' title="bbox 295 1758 1590 1826; baseline 0.002 -20"><span class='ocrx_word' id='word_1_141' title='bbox 295 1762 465 1823; x_wconf 83' lang='lat' dir='ltr'><strong>sortese</strong></span> <span class='ocrx_word' id='word_1_142' title='bbox 486 1761 781 1805; x_wconf 77' lang='lat' dir='ltr'><strong>Macedoniam</strong></span> <span class='ocrx_word' id='word_1_143' title='bbox 800 1775 1154 1820; x_wconf 77' lang='lat' dir='ltr'><strong>oppugnaturum,</strong></span> <span class='ocrx_word' id='word_1_144' title='bbox 1178 1758 1377 1818; x_wconf 86' lang='lat' dir='ltr'><strong>dicebat,</strong></span> <span class='ocrx_word' id='word_1_145' title='bbox 1392 1781 1464 1808; x_wconf 85' lang='lat' dir='ltr'><strong>nec</strong></span> <span class='ocrx_word' id='word_1_146' title='bbox 1473 1762 1590 1826; x_wconf 73' lang='lat' dir='ltr'><strong>poffi</strong></span> 
     </span>
     <span class='ocr_line' id='line_1_23' title="bbox 308 1832 1589 1894; baseline 0.002 -14"><span class='ocrx_word' id='word_1_147' title='bbox 308 1837 532 1894; x_wconf 74' lang='lat' dir='ltr'><strong>collegam,</strong></span> <span class='ocrx_word' id='word_1_148' title='bbox 553 1834 678 1892; x_wconf 72' lang='lat' dir='ltr'><strong>sizlvo</strong></span> <span class='ocrx_word' id='word_1_149' title='bbox 696 1832 1007 1889; x_wconf 82' lang='lat' dir='ltr'><strong>jurejurando,</strong></span> <span class='ocrx_word' id='word_1_150' title='bbox 1025 1833 1167 1892; x_wconf 72' lang='lat' dir='ltr'><strong>ficum</strong></span> <span class='ocrx_word' id='word_1_151' title='bbox 1181 1835 1344 1893; x_wconf 82' lang='lat' dir='ltr'><strong>sortiri.</strong></span> <span class='ocrx_word' id='word_1_152' title='bbox 1370 1836 1589 1883; x_wconf 82' lang='lat' dir='ltr'><strong>Praetorem</strong></span> 
     </span>
     <span class='ocr_line' id='line_1_24' title="bbox 305 1903 1590 1973; baseline 0.001 -21"><span class='ocrx_word' id='word_1_153' title='bbox 305 1924 420 1962; x_wconf 83' lang='lat' dir='ltr'><strong>eum,</strong></span> <span class='ocrx_word' id='word_1_154' title='bbox 437 1924 487 1950; x_wconf 83' lang='lat' dir='ltr'><strong>ne</strong></span> <span class='ocrx_word' id='word_1_155' title='bbox 505 1907 550 1949; x_wconf 80' lang='lat' dir='ltr'><strong>in</strong></span> <span class='ocrx_word' id='word_1_156' title='bbox 563 1906 825 1964; x_wconf 73' lang='lat' dir='ltr'><strong>provinciam</strong></span> <span class='ocrx_word' id='word_1_157' title='bbox 844 1907 942 1959; x_wconf 81' lang='lat' dir='ltr'><strong>iret,</strong></span> <span class='ocrx_word' id='word_1_158' title='bbox 958 1907 1001 1948; x_wconf 84' lang='lat' dir='ltr'><strong>in</strong></span> <span class='ocrx_word' id='word_1_159' title='bbox 1020 1907 1212 1950; x_wconf 75' lang='lat' dir='ltr'><strong>concione</strong></span> <span class='ocrx_word' id='word_1_160' title='bbox 1222 1903 1381 1970; x_wconf 78' lang='lat' dir='ltr'><strong>juraffi</strong></span> <span class='ocrx_word' id='word_1_161' title='bbox 1393 1941 1406 1962; x_wconf 91' lang='lat'>‚</span> <span class='ocrx_word' id='word_1_162' title='bbox 1416 1908 1590 1973; x_wconf 77' lang='lat' dir='ltr'><strong>fistato</strong></span> 
     </span>
     <span class='ocr_line' id='line_1_25' title="bbox 304 1977 1588 2044; baseline 0.002 -20"><span class='ocrx_word' id='word_1_163' title='bbox 304 1985 393 2026; x_wconf 84' lang='lat' dir='ltr'><strong>loco</strong></span> <span class='ocrx_word' id='word_1_164' title='bbox 405 1978 604 2044; x_wconf 58' lang='lat' dir='ltr'><strong>statisque</strong></span> <span class='ocrx_word' id='word_1_165' title='bbox 623 1979 764 2022; x_wconf 81' lang='lat' dir='ltr'><strong>diebus</strong></span> <span class='ocrx_word' id='word_1_166' title='bbox 774 1977 988 2036; x_wconf 72' lang='lat' dir='ltr'><strong>sacrficia</strong></span> <span class='ocrx_word' id='word_1_167' title='bbox 1013 1981 1154 2023; x_wconf 76' lang='lat' dir='ltr'><strong>habere</strong></span> <span class='ocrx_word' id='word_1_168' title='bbox 1169 2014 1185 2035; x_wconf 88' lang='lat'><strong>,</strong></span> <span class='ocrx_word' id='word_1_169' title='bbox 1205 1997 1290 2039; x_wconf 78' lang='lat' dir='ltr'><strong>quae</strong></span> <span class='ocrx_word' id='word_1_170' title='bbox 1305 2015 1317 2037; x_wconf 92' lang='lat'><strong>,</strong></span> <span class='ocrx_word' id='word_1_171' title='bbox 1343 1981 1558 2042; x_wconf 59' lang='lat' dir='ltr'><strong>absentes&amp;</strong></span> <span class='ocrx_word' id='word_1_172' title='bbox 1571 2017 1588 2040; x_wconf 92' lang='lat'><strong>,</strong></span> 
     </span>
     <span class='ocr_line' id='line_1_26' title="bbox 304 2050 1589 2116; baseline 0.002 -16"><span class='ocrx_word' id='word_1_173' title='bbox 304 2055 399 2100; x_wconf 64' lang='lat' dir='ltr'><strong>refle</strong></span> <span class='ocrx_word' id='word_1_174' title='bbox 414 2053 513 2111; x_wconf 86' lang='lat' dir='ltr'><strong>fieri</strong></span> <span class='ocrx_word' id='word_1_175' title='bbox 541 2070 626 2096; x_wconf 81' lang='lat' dir='ltr'><strong>non</strong></span> <span class='ocrx_word' id='word_1_176' title='bbox 643 2050 808 2113; x_wconf 76' lang='lat' dir='ltr'><strong>poffent</strong></span> <span class='ocrx_word' id='word_1_177' title='bbox 824 2069 839 2095; x_wconf 92' lang='lat'><em>:</em></span> <span class='ocrx_word' id='word_1_178' title='bbox 867 2070 951 2111; x_wconf 78' lang='lat' dir='ltr'><strong>quae</strong></span> <span class='ocrx_word' id='word_1_179' title='bbox 976 2070 1060 2096; x_wconf 82' lang='lat' dir='ltr'><strong>non</strong></span> <span class='ocrx_word' id='word_1_180' title='bbox 1090 2056 1225 2114; x_wconf 73' lang='lat' dir='ltr'><strong>magis</strong></span> <span class='ocrx_word' id='word_1_181' title='bbox 1245 2055 1436 2114; x_wconf 78' lang='lat' dir='ltr'><strong>confide,</strong></span> <span class='ocrx_word' id='word_1_182' title='bbox 1461 2074 1589 2116; x_wconf 83' lang='lat' dir='ltr'><strong>quam</strong></span> 
     </span>
     <span class='ocr_line' id='line_1_27' title="bbox 296 2124 1590 2189; baseline 0.002 -18"><span class='ocrx_word' id='word_1_183' title='bbox 296 2143 468 2188; x_wconf 73' lang='lat' dir='ltr'><strong>praetore</strong></span> <span class='ocrx_word' id='word_1_184' title='bbox 482 2161 496 2181; x_wconf 87' lang='lat'><strong>,</strong></span> <span class='ocrx_word' id='word_1_185' title='bbox 515 2126 677 2185; x_wconf 75' lang='lat' dir='ltr'><strong>abfi’nte</strong></span> <span class='ocrx_word' id='word_1_186' title='bbox 699 2124 792 2169; x_wconf 74' lang='grc' dir='ltr'><strong>νεὲῗε</strong></span> <span class='ocrx_word' id='word_1_187' title='bbox 803 2126 895 2183; x_wconf 75' lang='lat' dir='ltr'><strong>sieri</strong></span> <span class='ocrx_word' id='word_1_188' title='bbox 906 2124 1078 2187; x_wconf 77' lang='lat' dir='ltr'><strong>pofferzt.</strong></span> <span class='ocrx_word' id='word_1_189' title='bbox 1101 2130 1150 2171; x_wconf 86' lang='lat' dir='ltr'><strong>Si</strong></span> <span class='ocrx_word' id='word_1_190' title='bbox 1157 2127 1334 2186; x_wconf 54' lang='lat' dir='ltr'><strong>sinatus</strong></span> <span class='ocrx_word' id='word_1_191' title='bbox 1350 2162 1365 2184; x_wconf 93' lang='lat'><strong>,</strong></span> <span class='ocrx_word' id='word_1_192' title='bbox 1381 2146 1466 2173; x_wconf 80' lang='lat' dir='ltr'><strong>non</strong></span> <span class='ocrx_word' id='word_1_193' title='bbox 1485 2130 1590 2189; x_wconf 80' lang='lat' dir='ltr'><strong>quid</strong></span> 
     </span>
     <span class='ocr_line' id='line_1_28' title="bbox 303 2197 1588 2256; baseline 0 -12"><span class='ocrx_word' id='word_1_194' title='bbox 303 2202 421 2246; x_wconf 67' lang='lat' dir='ltr'><strong>vellet</strong></span> <span class='ocrx_word' id='word_1_195' title='bbox 451 2200 497 2242; x_wconf 79' lang='lat' dir='ltr'><strong>in</strong></span> <span class='ocrx_word' id='word_1_196' title='bbox 518 2198 888 2255; x_wconf 54' lang='lat' dir='ltr'><strong>consulatchotius</strong></span> <span class='ocrx_word' id='word_1_197' title='bbox 903 2231 918 2250; x_wconf 90' lang='lat'><strong>,</strong></span> <span class='ocrx_word' id='word_1_198' title='bbox 948 2214 1070 2254; x_wconf 81' lang='lat' dir='ltr'><strong>quam</strong></span> <span class='ocrx_word' id='word_1_199' title='bbox 1089 2198 1193 2255; x_wconf 83' lang='lat' dir='ltr'><strong>quid</strong></span> <span class='ocrx_word' id='word_1_200' title='bbox 1210 2200 1254 2241; x_wconf 82' lang='lat' dir='ltr'><strong>in</strong></span> <span class='ocrx_word' id='word_1_201' title='bbox 1266 2213 1443 2256; x_wconf 82' lang='lat' dir='ltr'><strong>praetura</strong></span> <span class='ocrx_word' id='word_1_202' title='bbox 1456 2197 1588 2253; x_wconf 83' lang='lat' dir='ltr'><strong>jura-</strong></span> 
     </span>
     <span class='ocr_line' id='line_1_29' title="bbox 302 2267 1586 2331; baseline -0.002 -13"><span class='ocrx_word' id='word_1_203' title='bbox 302 2273 406 2318; x_wconf 73' lang='lat' dir='ltr'><strong>verit</strong></span> <span class='ocrx_word' id='word_1_204' title='bbox 436 2272 490 2316; x_wconf 88' lang='lat' dir='ltr'><strong>P.</strong></span> <span class='ocrx_word' id='word_1_205' title='bbox 524 2269 739 2324; x_wconf 78' lang='lat' dir='ltr'><strong>Licinius,</strong></span> <span class='ocrx_word' id='word_1_206' title='bbox 775 2270 1185 2313; x_wconf 70' lang='lat' dir='ltr'><strong>animadvertendum</strong></span> <span class='ocrx_word' id='word_1_207' title='bbox 1221 2267 1294 2331; x_wconf 79' lang='lat' dir='ltr'><strong>effi</strong></span> <span class='ocrx_word' id='word_1_208' title='bbox 1331 2271 1513 2329; x_wconf 78' lang='lat' dir='ltr'><strong>cenfiat,</strong></span> <span class='ocrx_word' id='word_1_209' title='bbox 1533 2272 1586 2330; x_wconf 61' lang='lat' dir='ltr'><strong>J&amp;</strong></span> 
     </span>
     <span class='ocr_line' id='line_1_30' title="bbox 302 2338 1588 2405; baseline -0.002 -16"><span class='ocrx_word' id='word_1_210' title='bbox 302 2360 439 2390; x_wconf 81' lang='lat' dir='ltr'><strong>tamen</strong></span> <span class='ocrx_word' id='word_1_211' title='bbox 456 2342 651 2401; x_wconf 82' lang='lat' dir='ltr'><strong>futurum</strong></span> <span class='ocrx_word' id='word_1_212' title='bbox 678 2342 726 2384; x_wconf 79' lang='lat' dir='ltr'><strong>in</strong></span> <span class='ocrx_word' id='word_1_213' title='bbox 745 2341 923 2400; x_wconf 68' lang='lat' dir='ltr'><strong>senatus</strong></span> <span class='ocrx_word' id='word_1_214' title='bbox 946 2341 1150 2405; x_wconf 65' lang='lat' dir='ltr'><strong>potestate.</strong></span> <span class='ocrx_word' id='word_1_215' title='bbox 1181 2338 1391 2386; x_wconf 85' lang='lat' dir='ltr'><strong>Consulti</strong></span> <span class='ocrx_word' id='word_1_216' title='bbox 1416 2342 1588 2400; x_wconf 83' lang='lat' dir='ltr'><strong>Patres,</strong></span> 
     </span>
     <span class='ocr_line' id='line_1_31' title="bbox 304 2413 1586 2477; baseline -0.003 -13"><span class='ocrx_word' id='word_1_217' title='bbox 304 2417 379 2464; x_wconf 88' lang='lat' dir='ltr'><strong>cui</strong></span> <span class='ocrx_word' id='word_1_218' title='bbox 399 2415 678 2463; x_wconf 87' lang='lat' dir='ltr'><strong>consulatum</strong></span> <span class='ocrx_word' id='word_1_219' title='bbox 701 2413 900 2476; x_wconf 87' lang='lat' dir='ltr'><strong>populus</strong></span> <span class='ocrx_word' id='word_1_220' title='bbox 924 2414 1153 2458; x_wconf 85' lang='lat' dir='ltr'><strong>Romanus</strong></span> <span class='ocrx_word' id='word_1_221' title='bbox 1175 2429 1268 2458; x_wconf 90' lang='lat' dir='ltr'><strong>non</strong></span> <span class='ocrx_word' id='word_1_222' title='bbox 1290 2413 1510 2477; x_wconf 76' lang='lat' dir='ltr'><strong>negasset,</strong></span> <span class='ocrx_word' id='word_1_223' title='bbox 1529 2414 1586 2461; x_wconf 87' lang='lat' dir='ltr'><strong>ab</strong></span> 
     </span>
     <span class='ocr_line' id='line_1_32' title="bbox 304 2483 1587 2552; baseline 0 -18"><span class='ocrx_word' id='word_1_224' title='bbox 304 2489 347 2534; x_wconf 88' lang='lat' dir='ltr'><strong>se</strong></span> <span class='ocrx_word' id='word_1_225' title='bbox 378 2489 668 2552; x_wconf 86' lang='lat' dir='ltr'><strong>provinciam</strong></span> <span class='ocrx_word' id='word_1_226' title='bbox 705 2485 884 2550; x_wconf 83' lang='lat' dir='ltr'><strong>negari,</strong></span> <span class='ocrx_word' id='word_1_227' title='bbox 905 2483 1143 2548; x_wconf 84' lang='lat' dir='ltr'><strong>superbum</strong></span> <span class='ocrx_word' id='word_1_228' title='bbox 1166 2485 1278 2546; x_wconf 83' lang='lat' dir='ltr'><strong>rati,</strong></span> <span class='ocrx_word' id='word_1_229' title='bbox 1297 2486 1443 2534; x_wconf 86' lang='lat' dir='ltr'><strong>sortiri</strong></span> <span class='ocrx_word' id='word_1_230' title='bbox 1470 2503 1587 2535; x_wconf 86' lang='lat' dir='ltr'><strong>con-</strong></span> 
     </span>
    </p>
   </div>
  </div>
 </body>
</html>
