1673 3052
293 205 358 252 74
646 187 1210 234 T1T1Lrv11

293 296 409 345 ciam
423 332 437 355 ,
457 295 648 344 nudavit
668 294 931 342 voluntates
960 293 1214 341 hominum.
1247 308 1345 340 non
1364 291 1485 340 enim
1504 290 1582 339 so-

293 368 412 428 lum,
440 369 518 431 qui
550 368 687 431 partis
720 368 1027 415 Macedonum
1058 381 1214 424 erant,
1246 366 1320 413 sed
1351 364 1582 430 plerique,

293 439 552 504 ingentibus
576 442 889 486 Romanorum
911 439 1098 503 obligati
1124 436 1379 494 beneficiis,
1400 434 1584 500 quidam

296 513 392 562 vim
424 511 767 575 superbiamque
794 512 992 576 experti,
1021 510 1114 558 laeti
1140 527 1238 559 eam
1269 509 1430 557 famam
1451 523 1583 556 acce-

294 601 400 648 pere
422 603 432 631 :
457 601 552 630 non
583 583 646 631 ob
673 584 806 631 aliam
839 585 1012 632 causam
1029 619 1044 641 ‚
1073 599 1207 647 quam
1232 598 1377 645 pravo
1407 579 1584 638 studio,

294 673 389 721 quo
424 657 556 704 etiam
597 657 644 704 in
678 657 994 705 certaminibus
1028 655 1211 703 ludicris
1244 654 1409 718 vulgus
1441 652 1585 701 utitur
1642 678 1645 681 -

297 731 512 778 deteriori
529 742 665 794 atque
683 728 926 778 infirmiori
946 728 1163 776 favendo.
1183 727 1357 776 Eodem
1379 739 1586 789 tempore

297 803 346 850 in
375 802 556 850 Boeotia
592 802 758 850 summa
792 803 838 850 vi
869 802 1123 850 Haliartum
1155 800 1388 849 Lucretius
1421 809 1589 862 praetor

298 889 582 940 oppugnarat
609 893 619 921 ε
652 879 726 934 &‚
759 893 1015 939 quanquam
1048 892 1132 923 nec
1157 875 1378 923 habebant
1403 883 1589 920 externa

298 949 462 996 auxilia
491 950 647 996 obseffi
663 986 677 1009 ,
699 964 861 1014 praeter
888 948 1229 996 Coronaeorum
1260 946 1490 1010 juniores,
1510 943 1589 1008 qui

297 1022 443 1085 prima
472 1022 710 1069 obfidione
742 1022 911 1069 moenia
941 1022 1246 1081 intraverant,
1269 1035 1414 1084 neque
1443 1017 1590 1082 spera-

300 1096 435 1153 bant,
452 1107 599 1143 tamen
627 1097 707 1160 ipfi
728 1096 886 1143 animis
914 1096 1075 1159 magis,
1094 1113 1230 1159 quam
1257 1094 1460 1151 viribus,
1479 1092 1589 1138 refi-

300 1170 485 1217 stebant.
518 1188 621 1217 nam
659 1173 709 1218 ὅτ.
731 1170 994 1233 eruptiones
1021 1170 1068 1216 in
1095 1186 1234 1232 opera
1258 1168 1421 1217 crebro
1451 1165 1590 1215 facie-

300 1242 436 1290 bant:
459 1245 509 1290 &
528 1244 710 1291 arietem
729 1244 960 1290 admotum
975 1280 988 1301 ,
1007 1242 1278 1290 libramento
1298 1240 1470 1304 plumbi
1488 1255 1590 1303 gra-

301 1328 458 1364 vatum
473 1352 487 1374 ,
506 1316 560 1363 ad
581 1329 746 1363 terram
762 1316 979 1379 urgebant
999 1334 1009 1363 :
1030 1317 1104 1374 &‚
1127 1315 1158 1361 fi
1176 1331 1263 1378 qua
1283 1312 1561 1362 declinarent
1574 1347 1590 1369 ,

301 1387 380 1452 qui
401 1389 614 1452 agebant,
632 1388 788 1445 icium,
805 1403 890 1450 pro
911 1387 1061 1433 diruto
1083 1402 1214 1433 muro
1232 1401 1408 1434 novum
1428 1383 1593 1430 tumul-

301 1461 450 1509 tuario
471 1479 610 1525 opere
626 1498 639 1520 ,
662 1462 823 1525 raptim
844 1478 902 1508 ex
921 1460 1014 1524 ipsa
1043 1459 1184 1507 ruinae
1203 1458 1347 1522 strage
1372 1456 1593 1520 congestis

302 1534 438 1594 saxis,
463 1535 762 1582 exstruebant.
796 1536 913 1582 Cum
947 1533 1163 1597 operibus
1189 1529 1473 1594 oppugnatio
1498 1529 1594 1576 len-

303 1609 395 1656 tior
416 1609 544 1667 effet,
560 1610 694 1657 scalas
715 1625 793 1673 per
815 1608 1072 1671 manipulos
1088 1605 1234 1653 dividi
1256 1615 1426 1668 praetor
1445 1601 1593 1665 justit,

303 1694 355 1730 ut
391 1699 563 1729 corona
598 1682 796 1746 undique
826 1681 996 1728 moenia
1031 1677 1332 1743 aggressurus3
1366 1692 1424 1723 eo
1456 1674 1596 1740 magis

305 1756 586 1804 suffecturam
616 1757 670 1803 ad
700 1757 746 1802 id
778 1753 1107 1802 multitudinem
1143 1763 1292 1808 ratus,
1326 1749 1479 1813 quod,
1508 1764 1596 1812 qua

306 1844 430 1893 parte
452 1830 577 1892 palus
600 1830 755 1876 urbem
784 1827 950 1891 cingit,
972 1843 1054 1873 nec
1076 1823 1292 1872 attinebat
1312 1820 1592 1885 oppugnari,

307 1920 390 1950 nec
414 1915 603 1965 poterat.
622 1902 713 1965 lpse
732 1903 787 1949 ab
807 1919 856 1948 ea
875 1915 999 1965 parte
1014 1936 1027 1958 ,
1041 1917 1127 1963 qua
1147 1898 1246 1945 duae
1265 1910 1431 1951 turres,
1450 1894 1594 1957 quod·

308 1992 393 2037 que
413 1977 529 2022 inter
549 1993 621 2023 eas
640 1977 756 2024 muri
777 1987 1017 2039 prorutum
1038 1973 1183 2019 fuerat
1199 2006 1212 2030 ,
1232 1970 1326 2017 duo
1352 1966 1491 2015 millia
1509 1967 1594 2014 mi-

308 2048 435 2094 litum
455 2048 731 2094 delectorum
753 2047 984 2104 admovit3
1003 2058 1053 2093 ut
1072 2044 1234 2092 eodem
1254 2053 1481 2105 tempore,
1497 2057 1593 2104 quo

307 2120 398 2184 ipse
433 2121 744 2169 transcendere
777 2123 926 2169 ruinas
962 2130 1230 2173 conaretur,
1257 2113 1485 2163 concursu
1512 2111 1594 2159 ad-

309 2194 465 2242 versus
495 2194 535 2241 se
567 2193 1054 2257 oppidanorum-fafilo
1072 2228 1085 2249 ‚
1111 2188 1238 2238 scalis
1266 2203 1409 2237 vacua
1438 2184 1594 2231 defen·

311 2265 484 2313 foribus
510 2267 680 2312 moenia
703 2266 799 2329 capi
827 2280 950 2329 parte
979 2263 1125 2325 aliqua
1145 2259 1334 2323 poffent.
1369 2256 1499 2304 Haud
1526 2255 1594 2301 se-

311 2339 458 2404 gniter
488 2340 704 2403 oppidani
725 2341 817 2388 vim
843 2340 936 2401 ejus
965 2351 1114 2384 arcere
1135 2345 1306 2397 parant.
1342 2348 1445 2380 nam
1464 2329 1594 2392 super

314 2414 495 2460 stratum
519 2413 656 2459 ruinis
685 2413 836 2460 locum
852 2447 865 2469 ‚
887 2410 1078 2457 fascibus
1101 2406 1234 2454 aridis
1267 2404 1593 2452 sarmentorum

315 2486 512 2549 injectis,
532 2487 691 2535 stantes
714 2503 816 2534 cum
841 2483 1098 2532 ardentibus
1126 2480 1298 2527 facibus
1330 2474 1595 2525 accensuros
