1673 3052
265 189 807 239 HISTORIARUM
840 193 966 241 LIB.
1000 194 1143 242 va.
1251 209 1341 260 393

67 294 245 359 nequiit
275 295 340 343 ire
371 295 419 343 in
451 295 738 358 provinciam
757 332 770 355 ,
802 297 855 343 ad
888 313 956 344 res
988 297 1195 360 capitales
1224 315 1348 362 quae·

67 371 227 419 tendas
263 387 320 416 ex
355 368 737 418 senatusconsulto
773 381 983 417 retentus.
1018 371 1092 418 De
1129 373 1351 436 prodigiis

68 443 230 490 deinde
255 441 466 490 nuntiatis
491 441 663 489 senatus
690 442 752 488 est
779 441 1023 489 consultus.
1063 444 1193 491 AEdes
1215 445 1349 491 Deo-

69 533 168 563 rum
192 514 422 562 Penatium
449 515 496 562 in
526 514 654 560 Velia
685 515 738 561 de
761 515 883 562 coelo
912 517 1024 562 tacta
1056 530 1177 564 erat:
1215 519 1265 565 &
1301 519 1351 565 in

68 586 245 650 oppido
264 586 496 642 Minervio
521 586 620 632 duae
650 599 796 650 portae
828 589 878 635 &
905 588 1021 633 muri
1057 589 1351 652 aliquantum.

69 661 288 725 Anagniae
311 675 426 707 terra
447 660 652 724 pluerat3
687 663 735 709 &
761 662 951 710 Lanuvii
973 662 1048 709 fax
1069 662 1116 709 in
1138 665 1260 711 coelo
1280 666 1353 712 vi-

69 733 115 783 sa
147 746 236 780 erat
249 750 266 790 ;v
300 736 350 783 &
381 734 568 781 Calatiae
597 734 644 781 in
677 735 862 797 publico
896 752 1006 798 agro
1045 738 1109 783 M.
1144 737 1353 784 Valerius

71 807 190 856 civis
202 809 435 855 Romanus
456 808 704 865 nuntiabat,
725 824 749 854 e
768 807 877 855 foco
897 808 978 854 suo
993 808 1250 872 sanguinem
1272 824 1352 873 per

71 881 273 928 'triduum
298 883 348 928 &
368 881 476 928 duas
495 881 647 927 noctes
664 880 868 927 manaffe.
898 881 975 927 Ob
1000 880 1044 927 id
1065 881 1257 928 maxime
1278 884 1355 929 de-

73 955 265 1002 cemviri
293 955 432 1000 libros
460 953 580 999 adire
608 951 727 1013 jussi,
758 953 1130 1015 supplicationem
1157 955 1202 1000 in
1234 956 1354 1003 diem

74 1045 216 1076 unum
250 1028 426 1092 populo
460 1027 729 1083 edixerunt,
764 1025 814 1073 &
845 1026 1173 1090 quinquaginta
1209 1031 1357 1090 capris

74 1101 124 1149 in
160 1101 264 1148 foro
306 1099 682 1148 sacrificaverunt.
727 1102 776 1146 &
809 1099 1002 1145 aliorum
1039 1101 1357 1164 prodigiorum

76 1172 206 1222 causa
233 1172 348 1219 diem
374 1171 563 1218 alterurn
593 1170 854 1233 supplicatio
878 1170 997 1217 circa
1027 1173 1180 1218 omnia
1201 1174 1358 1235 pulvi-

73 1248 202 1297 naria
229 1246 337 1305 fuit,
358 1248 408 1295 δε
430 1246 585 1293 hostiis
607 1244 849 1305 majoribus
878 1243 1171 1290 sacrificatum
1201 1246 1286 1302 est,
1305 1248 1359 1295 &z

77 1322 183 1368 urbs
195 1320 386 1367 lustrata.
404 1318 510 1364 Inde
522 1352 534 1374 ,
546 1317 671 1378 quod
685 1316 738 1361 ad
757 1315 981 1362 honorem
996 1316 1150 1362 Deum
1171 1317 1357 1364 immor-

79 1394 237 1442 talium
267 1390 538 1454 pertineret,
568 1387 769 1435 decrevit
803 1387 1002 1446 senatus,
1033 1392 1122 1446 Ut,
1156 1392 1361 1450 quoniam

73 1469 298 1529 perduelles
310 1465 499 1525 superati
515 1497 528 1518 ,
562 1463 731 1522 Persicus
754 1459 796 1507 G*
817 1462 993 1506 Gentius
1012 1479 1120 1523 reges
1145 1481 1235 1507 cum
1256 1466 1362 1509 Ma-

15 1557 18 1559 “
81 1543 255 1589 cedom'a
275 1555 392 1599 atque
416 1538 588 1597 Illyrico
618 1539 664 1581 in
684 1535 877 1599 potestate
898 1538 1047 1594 populi
1076 1537 1267 1581 Romani
1294 1538 1363 1595 es-

71 1614 198 1675 sent,
232 1627 305 1667 ut,
336 1625 493 1671 quanta
517 1611 658 1665 dona,
682 1613 769 1669 Ap.
792 1611 969 1654 Claudio
988 1643 1001 1665 ,
1030 1611 1093 1655 M.
1116 1613 1364 1669 Sempronio

83 1683 321 1743 consulibus
341 1716 354 1736 ,
393 1678 674 1726 ob·devi3um
711 1681 966 1724 Antiochum
1003 1697 1130 1740 regem
1169 1683 1270 1725 data
1305 1681 1365 1727 ad

85 1759 229 1805 omnia
241 1756 486 1816 pulvinaria
512 1751 631 1816 efflent
646 1788 660 1810 ,
692 1768 812 1798 tanta
844 1754 900 1814 Q.
923 1753 1083 1816 Caffius
1106 1751 1151 1798 δ’
1182 1753 1265 1801 M’.
1282 1756 1364 1801 Ju-

83 1829 244 1878 ventz’us
257 1842 444 1886 praetores
462 1840 646 1870 curarent
664 1827 819 1869 danda.

112 1911 116 1914 ’
150 1899 295 1946 XVII.
324 1898 514 1959 Legatos
528 1895 704 1949 „deinde
720 1930 733 1953 ,
755 1911 949 1958 quorum
971 1895 1023 1941 de
1042 1892 1258 1942 sententia
1278 1894 1367 1942 im·-

88 1985 318 2037 peratores
361 1973 411 2017 L.
453 1969 661 2028 Paullus,
709 1972 757 2016 L.
800 1970 986 2016 Anicius
1034 1982 1369 2032 componerent

89 2063 160 2094 res
181 2079 196 2102 ,
234 2045 533 2090 decreverunt
567 2044 722 2090 decem
756 2043 802 2089 in
837 2043 1152 2090 Macedoniam
1173 2074 1189 2099 ‚
1230 2044 1369 2108 quin-

89 2136 178 2184 que
210 2119 256 2165 in
289 2118 534 2182 Illyricum.
570 2120 617 2164 In
651 2120 965 2165 Macedoniam
1005 2119 1105 2164 sunt
1136 2118 1181 2164 hi
1213 2118 1369 2165 nomi-

91 2192 209 2248 nati,
229 2193 280 2238 A.
298 2190 547 2236 Postumius
567 2190 753 2247 Luscus,
775 2192 829 2237 C.
853 2191 1064 2237 Claudius
1078 2228 1090 2246 ,
1113 2191 1246 2237 ambo
1267 2204 1374 2237 cen-³

95 2266 228 2323 sorii,
241 2265 511 2312 C.Licinius
524 2265 720 2322 Crassus,
735 2267 904 2329 collega
923 2268 967 2314 in
990 2267 1224 2314 consulatu
1244 2266 1372 2311 Paul·

32 2394 37 2397 ἱ
95 2340 157 2395 1i;
183 2350 278 2384 tum
297 2352 545 2401 prorogato
566 2337 756 2398 imperio
775 2341 1060 2400 provinciam
1080 2340 1270 2385 Galliam
1292 2340 1373 2384 ha·-

97 2412 243 2460 bebat.
285 2410 365 2456 His
407 2410 716 2457 consularibus
750 2412 955 2458 addidere
992 2414 1077 2459 Cn.
1114 2411 1375 2457 Domitium

99 2482 451 2532 Ahenobarbum
466 2519 479 2539 ‚
500 2484 586 2528 Ser.
608 2484 875 2532 Cornelium
892 2486 1057 2545 Sullam
1073 2522 1086 2544 ,
1107 2487 1152 2531 L.
1170 2483 1376 2540 lunium,

166 2558 216 2606 T.
243 2559 335 2604 Liv.
357 2560 456 2605 Vol.
485 2556 593 2606 Vll.
1080 2557 1123 2601 N
