1673 3052
307 190 841 239 HISTORIARUM
876 190 1001 237 LIB.
1035 189 1195 237 XLtv.
1301 187 1387 253 165

107 297 192 347 bus
207 297 457 347 curantium
475 296 695 360 elapsum,
711 297 758 343 in
779 297 1039 344 ulteriorem
1058 293 1390 360 ripam‘effugit.

106 372 232 435 quod
252 388 352 419 cum
374 387 453 434 per
476 387 660 433 aquam,
685 368 824 417 ferme
843 386 958 432 genu
979 383 1109 416 tenus
1125 368 1282 426 altam,
1301 380 1392 415 tres

106 444 271 493 milites
291 444 611 508 sequerentur,
631 443 829 491 Thraces
856 445 948 490 duo
980 443 1025 489 id
1050 441 1301 504 jumentum
1330 458 1388 489 ex

105 518 259 565 medio
277 518 413 566 alveo
433 517 480 563 in
499 517 620 563 suam
638 515 781 579 ripam
801 516 1050 569 trahentes;
1068 515 1210 561 altero
1229 530 1389 562 eorum

108 589 288 646 occiso,
305 602 585 653 receptoque
610 604 667 635 eo
693 586 899 649 jumento
913 622 930 645 ,
948 587 1004 633 ad
1024 586 1262 633 stationem
1282 586 1390 632 suo·-

24 717 31 729 .
104 679 205 709 rum
224 662 267 710 se
295 661 586 725 recipiebant,
614 659 992 722 Offingentorum
1014 658 1243 705 Thracum
1272 674 1388 720 prae-

105 735 261 784 fidium
292 736 341 784 in
373 735 570 782 hostium
598 734 694 797 ripa
724 746 831 780 erat.
862 749 919 779 ex
950 731 1016 780 his
1050 732 1182 794 pauci
1205 732 1387 794 primo,

27 819 31 825 '
106 827 222 874 aegre
252 810 359 873 paffi
391 810 652 872 popularem
684 809 731 854 in
753 807 834 854 suo
861 805 1100 869 conspefiu
1127 806 1285 853 caesum
1302 840 1314 861 ‚
1331 806 1389 853 ad

103 882 437 946 persequendos
452 881 757 928 interfectores
775 880 970 927 fluvium
994 879 1238 942 tran-sgreffi
1255 878 1355 926 sunt
1368 894 1384 926 t

104 956 208 1004 dein
235 956 383 1020 plures
397 991 413 1015 ‚
431 954 663 1020 postremo
684 970 875 1013 omnes,
896 954 946 1002 &
968 969 1071 1003 cum
1089 952 1295 1017 praesidio
1304 987 1321 1012 ,

607 1082 613 1085 .
730 1061 756 1083 ς

597 1090 629 1120 <-
860 1089 886 1129 a·

101 1165 318 1229 proelium
345 1166 483 1218 ducit.

164 1232 281 1286 XLI.
302 1239 526 1286 Movebat
544 1235 721 1299 imperii
742 1235 962 1299 majestas,
984 1233 1125 1300 glorIa
1145 1232 1264 1294 viri,
1282 1244 1388 1282 ante

101 1309 257 1356 omnia
276 1321 409 1367 aetas,
435 1309 563 1373 quod
588 1308 733 1369 major
760 1308 988 1371 sexaginta
1007 1308 1134 1356 annis
1162 1307 1386 1371 juvenum

99 1381 254 1429 munia
280 1381 329 1431 in
351 1394 470 1445 parte
497 1380 726 1444 praecipua
748 1381 918 1427 laboris
935 1381 1216 1444 periculique
1235 1377 1387 1441 capes-

99 1457 237 1504 sebat.
264 1456 585 1514 Intervallum,
604 1456 733 1518 quod
761 1456 880 1502 inter
899 1467 1094 1503 cetratos
1115 1458 1163 1503 &
1196 1455 1385 1518 phalan-

98 1547 175 1594 ges
203 1542 320 1589 erat,
341 1529 550 1593 implevit
584 1529 704 1592 legio
721 1565 737 1586 ‚
764 1541 896 1591 atque
917 1528 1058 1575 aciem
1087 1528 1283 1574 hostium
1313 1527 1384 1572 in-

98 1603 305 1666 terrupit.
337 1604 377 1649 A
410 1615 539 1665 tergo
570 1603 749 1650 cetratis
783 1614 901 1660 erat,
942 1602 1140 1647 frontem
1172 1597 1383 1646 adversus

98 1675 338 1739 clypeatos
353 1675 568 1722 habebat:
585 1674 826 1739 aglaspides
843 1675 1192 1737 appellabantur.
1209 1674 1381 1719 Secun-

99 1749 200 1795 dam
216 1747 443 1811 legionem
461 1750 510 1795 L.
524 1748 716 1795 Albinus
734 1748 976 1796 consularis
994 1748 1153 1795 ducere
1170 1745 1384 1792 adversus

97 1819 393 1881 leucaspidem
419 1819 680 1883 phalangem
703 1820 864 1881 juffus:
892 1837 943 1866 ea
975 1819 1119 1866 media
1142 1819 1260 1865 acies
1290 1819 1383 1865 ho*

98 1890 231 1938 stium
260 1891 358 1938 fuit.
390 1895 440 1938 In
464 1893 671 1939 dextrum
703 1910 872 1951 cornu,
894 1893 1013 1938 unde
1043 1892 1161 1939 circa
1190 1891 1384 1938 fluvium

95 1963 380 2012 commissum
394 1964 610 2027 proelium
628 1977 746 2023 erat,
763 1965 1018 2028 elephantes
1034 1964 1202 2011 indu&
1216 2000 1229 2021 ,
1244 1965 1294 2010 &
1313 1964 1384 2010 ala

99 2037 365 2086 sociorum:
396 2041 445 2086 ὅ(
480 2038 587 2085 hinc
618 2038 813 2101 primum
847 2039 949 2102 fuga
982 2038 1286 2085 Macedonum
1320 2035 1387 2082 est

99 2124 216 2159 orta.
247 2113 364 2160 Nam
394 2112 510 2161 ficut
538 2113 753 2176 pleraque
775 2130 901 2160 nova
931 2125 1186 2160 commenta
1214 2123 1384 2157 morta-

98 2185 211 2233 lium
232 2186 280 2234 in
303 2187 454 2236 verbis
478 2186 573 2236 vim
601 2187 793 2246 habent,
815 2188 1091 2250 experiendo
1107 2222 1120 2243 ,
1151 2203 1254 2233 cum
1284 2186 1386 2248 agi,

98 2275 195 2306 non
217 2294 231 2317 ,
262 2260 644 2322 quemadmodum
680 2272 896 2324 agantur,
928 2260 1133 2316 edisseri,
1167 2270 1387 2321 oportet,

99 2331 192 2379 fine
225 2331 323 2379 ullo
345 2332 504 2379 effeElu
531 2333 837 2389 evanescunt3
861 2334 921 2380 ita
947 2345 1041 2379 tum
1077 2331 1301 2393 elephanti
1334 2329 1385 2376 in.

100 2404 198 2450 acie
226 2420 396 2452 nomen
430 2416 604 2452 tantum
635 2405 726 2452 fine
761 2406 839 2452 usu
868 2406 1063 2451 fuerunt.
1104 2404 1385 2465 Elephanto-

99 2492 199 2524 rum
221 2476 435 2540 impetum
465 2476 686 2526 subsecuti
715 2476 816 2546 sunt
837 2476 950 2527 socii
982 2475 1182 2523 nominis
1208 2474 1384 2532 Latini,
