1673 3052
262 197 344 244 1N
389 194 990 242 LOC.LIB.XLV.11
1045 194 1196 240 mv,
1308 208 1399 256 279

108 302 447 343 controversiarum
462 302 694 342 vocantibus
707 301 981 340 obsecuturum
996 299 1195 341 fimulavit.
1211 297 1401 339 Constitu-

110 374 194 406 tum
209 375 313 415 erat,
328 376 373 406 ut
389 367 439 406 ad
457 365 552 405 fines
569 377 772 414 regnorum
790 375 880 402 cum
901 362 1069 402 millenis
1089 361 1284 411 equitibus
1305 363 1403 402 invi.-

110 440 197 468 eem
223 436 479 468 occurrerent.
526 427 572 467 Id'
596 426 738 467 Prufias
766 435 1030 476 opportunum
1055 425 1224 475 perfidiae
1247 434 1401 475 ternpus

108 487 183 528 effe
191 488 383 538 judicans,
398 488 544 542 legatos
557 487 757 538 praemittit
768 487 817 525 ad
833 485 1016 533 Attalum,
1028 487 1108 537 quj,
1117 485 1405 542 afficturumpau-

108 553 227 605 lopost
237 566 312 590 cum
324 567 462 591 numero
475 552 634 603 definito,
650 551 838 589 nuntient.
858 549 944 599 Ipse
955 551 1100 588 interea
1111 549 1160 588 ad
1178 550 1402 600 opprimen-

95 614 206 653 ,dum
221 614 424 653 inimicum
440 613 631 653 universas
645 612 774 662 copias
797 613 994 654 concitat:
1017 623 1233 661 parumque
1256 610 1400 659 abfuits

108 675 201 726 quin
224 674 373 714 sceleris
400 676 566 726 praemio.
590 676 803 726 potiretur,
830 673 895 712 nisi
922 673 1091 721 Attalus,
1109 673 1303 723 legatique
1328 672 1407 712 Ro-

111 738 238 787 mani,
258 740 323 789 qui
338 730 431 778 cum
446 737 514 777 illo
536 746 666 786 erant,
683 739 732 777 de
752 736 843 776 dolo
868 736 1081 784 admoniti,
1095 735 1292 774 celerrima
1312 735 1407 786 fuga

110 810 367 854 praeparatum
393 798 598 840 discrimen
621 799 830 841 ewafiffent.
850 799 1191 849 Prufias‚di1eptis
1214 799 1329 838 etiam
1344 798 1405 838 le—

110 872 288 914 gatorum
321 862 636 913 impedimentis,
670 862 926 913 Pergamum,
952 874 1034 913 quo
1059 860 1118 900 illi
1153 873 1245 900 cum
1275 859 1408 900 Attalo

109 923 386 974 confugerant,
416 923 580 962 adducit
615 923 837 962 exercitum.
882 923 971 963 Erat
998 929 1088 962 ante
1113 920 1252 961 urbem
1273 921 1406 962 ffifcu-

110 984 202 1035 lapii
233 984 385 1024 celebre
418 985 576 1033 fanum,
602 984 668 1024 ubi
698 998 740 1024 re
772 984 902 1024 divina
929 984 1053 1032 facta,
1080 996 1172 1024 cum
1204 982 1405 1032 litaviffet:‚

109 1045 260 1085 honore
287 1046 336 1087 ad
361 1045 669 1096 superstitionem
689 1045 806 1095 usque
830 1044 993 1096 profuso>
1009 1057 1156 1083 numen
1178 1052 1406 1092 veneratus,

108 1107 152 1146 in
183 1106 302 1147 castra
330 1107 454 1146 rediit.
506 1106 690 1146 Postridie
721 1118 813 1145 vero
838 1105 1018 1145 ,admotis
1045 1105 1095 1145 ad
1122 1105 1404 1156 Nicephorium

112 1168 263 1219 copiis,
293 1181 409 1219 quem
436 1167 568 1207 lucum
596 1181 661 1208 rex
686 1168 875 1208 Eumenes
900 1168 999 1207 fanis
1022 1169 1059 1208 ὅτ
1084 1168 1191 1207 omni
1226 1168 1407 1206 donario-

110 1243 197 1270 rum
220 1243 358 1281 genere
384 1236 670 1280 perornaverat,
694 1231 832 1269 cancia
851 1230 959 1269 foeda
979 1230 1087 1269 ruina
1110 1229 1320 1280 pervastat,
1339 1229 1409 1268 de-

109 1293 221 1334 lubra
245 1294 442 1342 incendit,
461 1293 600 1332 statuas
617 1292 771 1333 sedibus
794 1292 867 1332 suis
893 1292 1047 1340 avellit,
1064 1305 1111 1332 ne
1128 1291 1298 1331 Deorum
1324 1290 1408 1341 qui·
1436 1327 1446 1340 x

111 1356 202 1396 dem
232 1355 440 1395 simulacris
478 1367 648 1406 parcens.
694 1355 792 1394 inter
822 1368 905 1405 quae
940 1354 1090 1394 sustulit
1125 1356 1161 1394 Sc
1197 1351 1405 1403 AEsculapii

111 1417 280 1469 signum,
303 1417 563 1469 Phyromachi
582 1415 723 1456 nobilis
749 1417 906 1455 artificis
925 1430 1045 1468 opus,
1068 1415 1108 1454 id
1132 1414 1278 1465 ipsum,
1299 1414 1405 1465 quod

111 1482 237 1534 pridie
264 1490 372 1521 tanta
403 1480 492 1520 eum
521 1481 706 1531 religione
730 1481 965 1520 adoraverat.
988 1481 1019 1519 is
1036 1479 1193 1518 turbatae
1213 1479 1334 1518 menti
1349 1491 1406 1517 er-

114 1557 178 1584 ror
201 1544 324 1583 inerat
339 1574 350 1592 ‚
374 1557 492 1594 quam
514 1543 620 1582 nul-la
641 1544 721 1582 veri
741 1542 901 1596 justique
917 1542 1075 1581 scientia
1092 1540 1293 1581 stabilitam
1312 1541 1410 1580 abri-

113 1605 273 1659 piebant
299 1605 487 1655 affectus3
513 1608 632 1646 modo
654 1606 703 1645 ad
729 1605 926 1645 muliebris
947 1605 1224 1656 superstitionis
1245 1604 1409 1654 ineptias

115 1677 279 1720 cogente
307 1676 416 1708 metu
431 1700 443 1717 ‚
480 1669 600 1707 modo
626 1668 679 1706 ira
701 1667 921 1706 stimulante
944 1667 991 1706 ad
1014 1665 1195 1706 violanda
1216 1678 1282 1716 per
1314 1678 1407 1704 con-

114 1730 341 1780 tumeliam‘,
367 1743 451 1782 quae
474 1730 591 1782 paulo
619 1737 707 1769 ante
734 1730 845 1780 supra
867 1730 1031 1769 modum
1056 1729 1319 1779 decorumque
1343 1740 1407 1768 co-

114 1791 250 1833 luerat.

167 1855 359 1896 XXXIV.
374 1856 512 1905 Neque
538 1854 676 1894 melior
701 1855 769 1906 ipfi
792 1854 933 1894 deinde
949 1861 1404 1904 rerum-eventus‚quam

113 1931 181 1971 pro
205 1927 313 1958 tanta
334 1920 525 1969 protervia
544 1918 631 1957 fuit.
661 1917 780 1958 Nullo
798 1918 902 1968 apud
926 1918 1152 1968 Pergamum
1167 1917 1270 1957 virili
1289 1928 1406 1967 opere

113 1981 219 2020 edito
232 2011 244 2029 ,
265 1980 406 2021 Elaeam
421 2011 434 2028 ‚
461 1980 566 2030 quod
585 1979 702 2019 Attali
727 1980 824 2030 regis
848 1980 1063 2029 emporium
1090 1980 1126 2019 Sc
1146 1978 1281 2018 navale
1301 1988 1402 2025 era-t⁷

115 2056 137 2082 a
163 2043 346 2093 Pergamo
374 2042 445 2082 tria
470 2042 610 2081 distans
637 2039 813 2092 passuum
841 2040 988 2088 millia,
1016 2039 1178 2080 obsedit.
1216 2041 1305 2090 Qua
1333 2052 1402 2078 nc·

115 2106 327 2156 quidquam
341 2113 486 2145 tentata
498 2136 513 2154 ‚
528 2110 648 2159 (nam
663 2103 877 2152 Sosander,
890 2103 1148 2144 collactaneus
1171 2103 1270 2153 regis
1284 2133 1294 2150 ,
1316 2113 1406 2140 cum

114 2168 288 2219 praefidio
319 2167 501 2220 ingressus
526 2168 713 2218 oppidum
740 2166 894 2215 fuerat)
925 2167 1094 2206 exercitu
1129 2174 1258 2204 cetero
1289 2174 1404 2203 terre·

116 2229 178 2267 stri
213 2231 350 2283 itinere
383 2231 543 2270 domum
574 2230 712 2269 reverti
753 2229 873 2279 juffo,
899 2228 980 2280 ipse
1018 2228 1180 2268 navibus
1204 2227 1407 2279 contendit

115 2291 319 2343 Thyatira:
346 2306 394 2332 ne
420 2294 460 2331 in
485 2294 611 2332 reditu
642 2292 798 2342 quidem
820 2292 869 2334 ad
892 2292 1073 2332 violanda
1105 2292 1275 2331 Deorum
1306 2299 1402 2327 tem-

117 2353 180 2404 pla
210 2354 369 2406 segnior.
409 2357 511 2396 Nam
544 2357 593 2394 ad
625 2356 764 2395 Hieran
804 2355 955 2395 Comen
982 2356 1115 2396 Dianae
1147 2352 1326 2404 spoliavit
1353 2351 1411 2391 fa-

128 2511 142 2519 ,
163 2468 183 2504 ς
206 2468 366 2502 xxxin.
392 2468 536 2511 Appzan.
559 2469 782 2501 Mirhrmafic.
796 2468 914 2512 Polyb.
930 2469 1036 2504 Diod,
1047 2469 1170 2502 suidas
1186 2469 1220 2502 in
1236 2458 1425 2514 Πρκσίας,

123 2515 231 2548 διτῑὼ.
255 2515 277 2548 l,
305 2525 354 2558 13„
374 2512 492 2558 Polyb.
515 2526 569 2558 ap.
587 2513 698 2547 Vales.
716 2513 804 2548 mm.
822 2525 879 2558 34,
897 2515 929 2548 8,

1080 2562 1163 2619 54
