1673 3052
312 172 876 221 'HISTORIARUM
911 175 1026 223 LIB.
1065 176 1208 225 XLV.
1309 194 1397 245 205

117 278 203 329 diis
233 277 490 342 responsum
512 279 573 326 ita
592 279 814 326 redditum
840 279 930 337 est,
950 292 1002 328 ut
1028 298 1112 330 nec
1143 282 1290 331 hostes
1321 283 1403 332 fie-

117 363 244 411 rent,
264 369 347 400 nec
365 352 475 400 socii
493 365 817 415 permanerent.
836 354 1109 404 Philocrates
1129 358 1176 404 &
1193 356 1402 422 Astyme-

119 425 197 472 des
221 426 447 490 principes
479 426 717 490 legationis
744 439 883 474 erant.
916 428 1090 475 Partem
1116 447 1217 477 cum
1246 432 1404 479 Philo-

119 505 241 545 crate
270 500 524 547 renuntiare
551 501 765 546 Rhodum
792 501 1067 564 legationem
1095 505 1282 566 placuit,
1304 524 1403 569 par-

118 581 210 615 tem
229 586 333 616 cum
363 571 606 636 Astymede
625 573 785 618 Romae
814 573 1065 633 subsistere,
1087 592 1187 638 quae
1219 594 1406 641 ageren-

117 642 389 702 tur,sciret,
417 643 717 708 certioresque
747 644 849 692 suos
877 645 1056 694 faceret.
1089 650 1136 695 In
1169 650 1404 712 praesentia

117 713 339 762 deducere
354 728 457 763 ante
477 732 643 764 certam
662 717 778 763 diem
793 734 848 764 ex
866 718 1008 783 Lycia
1027 719 1250 785 Cariaque
1268 722 1407 784 jaffe--v

117 801 226 835 runt
251 790 499 852 praefeftos.
524 792 633 840 Haec
650 792 867 839 Rhodum
894 794 1120 853 nuntiata,
1140 813 1241 860 quae
1264 815 1345 861 per
1361 799 1404 847 se

118 861 256 910 tristia
275 862 452 911 fuissent
464 901 478 923 ,
499 864 604 929 quia
622 863 805 927 maj0ris
822 867 926 914 mali
945 867 1118 916 levatus
1134 883 1229 918 erat
1247 871 1410 933 tim0r‚'

118 952 225 983 cum
247 937 414 984 bellum
435 937 703 996 timuiffent,
724 939 769 985 in
788 940 997 1003 gaudium
1025 944 1275 992 renuntiata
1296 963 1405 994 ver-

119 1020 285 1056 terunt.
319 1012 472 1075 ltaque
499 1011 730 1073 extemplo
764 1029 984 1060 coronam
1017 1013 1180 1078 viginti
1208 1017 1404 1067 millium

119 1095 358 1128 aureorum
404 1081 744 1131 decreverunt:
781 1084 1074 1132 Theodotum
1095 1121 1109 1144 ‚
1144 1087 1405 1150 praefefitum

119 1152 291 1213 claffis,
311 1153 358 1202 in
383 1172 478 1203 eam
507 1156 777 1220 legationem
806 1157 1034 1206 miserunt.
1057 1160 1324 1209 Societatem
1348 1163 1405 1210 ab

118 1226 338 1275 Romanis
369 1227 431 1276 ita
452 1229 668 1278 volebant
687 1230 808 1293 peti,
829 1244 880 1278 ut
899 1232 1075 1280 nullum
1103 1234 1157 1293 de
1182 1251 1230 1281 ea
1249 1252 1295 1281 re
1316 1235 1406 1283 sci-

118 1311 214 1347 tum
233 1301 393 1365 populi
407 1301 531 1350 fieret
545 1340 559 1362 ,
577 1315 653 1351 aut
671 1304 810 1352 literis
830 1306 1138 1354 mandaretur:
1162 1308 1302 1372 quod,
1321 1308 1404 1355 nisi

119 1371 442 1435 impetrarent,
461 1374 605 1437 major
639 1377 821 1440 repulsis
857 1377 1105 1442 ignominia
1133 1379 1250 1427 effet.
1281 1381 1405 1426 Prae-

120 1443 223 1492 feffi
252 1446 390 1511 claffis
414 1448 460 1494 id
481 1449 611 1496 unius
638 1462 731 1497 erat
750 1449 818 1512 jus
833 1487 848 1510 ‚
867 1464 917 1497 ut
939 1467 1067 1518 agere
1089 1453 1142 1499 de
1174 1469 1225 1499 ea
1246 1470 1292 1499 re
1312 1453 1405 1501 fine

119 1522 359 1586 rogatione
377 1523 466 1570 ulla
491 1523 657 1586 perlata
684 1525 838 1587 poffet.
866 1543 967 1572 nam
991 1527 1049 1573 ita
1071 1544 1150 1589 per
1169 1540 1239 1574 tot
1259 1544 1405 1575 annos

120 1594 169 1642 in
185 1596 379 1644 amicitia
397 1595 574 1645 fuerant
588 1634 602 1655 3
622 1611 669 1645 ut
686 1598 838 1646 sociali
859 1599 1031 1647 foedere
1051 1599 1093 1647 se
1106 1617 1211 1647 cum
1230 1601 1405 1647 Roma-

115 1668 191 1716 nis
218 1685 313 1716 non
339 1669 584 1733 illigarent,
609 1672 672 1718 ob
695 1672 863 1719 nullam
892 1673 1020 1720 aliam
1053 1673 1248 1733 causam,
1268 1691 1404 1737 quam

121 1758 180 1788 ne
200 1741 317 1804 spem
337 1742 515 1805 regibus
534 1743 843 1792 abscinderent
864 1746 1017 1792 auxilii
1037 1747 1122 1804 sui,
1142 1747 1172 1793 si
1195 1747 1267 1794 cui
1287 1765 1405 1810 opus

121 1812 226 1860 esset
241 1850 255 1872 ‚
276 1831 362 1861 neu
382 1815 461 1861 fibi
479 1815 580 1876 ipsis
602 1815 767 1864 fruitus
789 1834 843 1863 ex
862 1818 1138 1883 benignitate
1155 1821 1203 1867 δέ
1222 1818 1405 1885 fortuna

120 1900 281 1932 eorum
314 1886 606 1949 percipiendi.
635 1891 767 1938 Tunc
801 1890 956 1953 utique
990 1891 1180 1952 petenda
1212 1891 1402 1939 societas

121 1957 390 2014 videbatur3
412 1975 508 2005 non
538 1977 638 2023 quae
667 1963 855 2009 tutiores
887 1978 966 2008 eos
992 1963 1047 2008 ab
1080 1963 1176 2009 aliis
1206 1963 1403 2023 faceret,

123 2033 235 2098 (nec
255 2033 374 2081 enim
394 2035 611 2083 timebant
638 2053 908 2101 quemquam
923 2073 937 2095 ‚
958 2050 1120 2098 praeter
1142 2038 1404 2101 Romanos)

122 2107 196 2153 sed
224 2125 326 2171 quae
355 2108 454 2170 ipsis
481 2110 696 2156 Romanis
726 2110 873 2157 minus
901 2109 1135 2172 suspestos.
1166 2111 1254 2157 Sub
1286 2111 1406 2157 idem

121 2178 216 2226 sere
244 2192 417 2243 tempus
441 2183 490 2230 &
520 2182 683 2229 Caunii
713 2182 940 2232 descivere
966 2182 1021 2228 ab
1048 2183 1115 2229 his
1132 2220 1145 2240 ‚
1175 2184 1224 2229 &
1254 2185 1404 2248 Myla-

119 2250 264 2300 senses
293 2255 633 2301 Euromensium
660 2255 829 2317 oppida
863 2268 1164 2317 occuparunt.
1203 2258 1311 2303 Non
1346 2257 1408 2303 ita

123 2323 249 2372 fraffi
270 2327 409 2374 animi
428 2328 624 2375 civitatis
647 2341 772 2375 erant
788 2365 802 2387 ,
820 2341 868 2375 ut
887 2345 982 2374 non
1001 2328 1240 2384 sentirent,
1262 2329 1291 2374 fi
1312 2331 1408 2392 Ly·-

125 2396 193 2444 cia
211 2399 260 2445 &
285 2399 418 2445 Caria
439 2400 624 2445 ademtae
644 2402 698 2446 ab
718 2400 935 2446 Romanis
964 2400 1115 2448 forent
1130 2438 1143 2459 ‚
1166 2415 1308 2447 cetera
1334 2414 1410 2447 aut

125 2469 169 2518 se
197 2470 289 2535 ipsa
311 2488 396 2537 per
421 2471 721 2519 defeffionem
754 2472 1023 2532 liberarent,
1053 2487 1128 2520 aut
1158 2490 1181 2520 a
1205 2472 1408 2522 finitimis
