1673 3052
269 201 357 231 122
625 183 1188 230 T1T1L1v11

260 290 489 338 difficilem
504 327 519 348 ,
541 306 626 353 pro
646 288 930 336 munimento
950 288 1199 336 habiturus.
1231 286 1351 336 Fluit
1369 304 1424 336 ex
1447 289 1554 337 val·
1574 295 1577 297 ’

257 364 300 409 le
325 360 520 426 Olympi
551 360 722 408 montis
741 396 754 419 ,
782 359 928 407 aestate
958 361 1171 424 exiguuS‚
1200 360 1396 408 hibernis
1427 360 1546 408 idern

258 433 471 481 incitatus
505 431 699 495 pluviis:
735 434 784 479 &
815 432 943 494 supra
971 447 1103 494 rupes
1126 431 1329 495 ingentes
1357 431 1549 495 gurgi-ti—

259 508 341 554 bus
371 506 479 554 facit
497 542 513 565 ,
543 508 593 554 δε
624 506 740 552 intra
768 517 988 568 prorupta
1006 540 1020 564 ,
1045 505 1092 551 in
1125 521 1243 551 mare
1275 504 1549 552 evolvendo

258 591 452 637 terram,
480 577 685 641 praealtas
714 578 986 642 voragines,
1016 590 1273 640 cavatoque
1298 576 1449 639 medio
1479 576 1549 623 al-

259 669 353 699 veo
378 653 498 716 ripas
517 653 728 716 utrinque
746 650 1015 714 praecipites.
1041 652 1145 698 Hoc
1162 649 1348 697 flumine
1365 650 1561 698 Perseus>

259 725 432 788 septum
452 725 536 772 iter
555 724 696 771 hostis
716 723 899 771 credens
911 759 924 781 ,
942 723 1172 770 extrahere
1197 721 1418 786 reliquum
1435 735 1551 769 tem-

259 815 344 861 pus
370 796 464 859 ejvs
491 797 649 844 aestatis
681 798 727 843 in
752 794 906 843 animo
934 795 1289 842 habebat.‘1nter
1314 795 1411 841 haec
1432 811 1552 842 con-

261 871 328 918 sul
357 889 382 917 a
410 870 540 917 Phila
570 869 815 933 Popillium
841 886 944 917 cum
973 868 1151 916 duobus
1182 869 1380 916 millibus
1407 885 1554 915 arma-

260 959 414 991 torum
435 945 703 991 Heracleum
723 944 874 992 mittit.
903 942 1021 991 abest
1041 961 1065 991 a
1087 943 1212 990 Phila
1233 944 1432 1008 quinque
1452 942 1553 990 mil-

261 1016 323 1062 lia
343 1015 481 1062 ferme
502 1016 726 1078 paffuum,
744 1016 890 1062 media
910 1016 1096 1079 regione
1119 1015 1234 1062 inter
1255 1015 1399 1064 Dium
1417 1016 1554 1063 Tem-

261 1104 438 1152 peque,
463 1088 510 1134 in
539 1105 648 1151 rupe
675 1089 795 1135 amni
816 1087 1078 1135 imminente
1099 1089 1309 1151 politum.

329 1154 412 1210 IX.
449 1162 695 1224 Popillius,
723 1162 979 1225 priusquam
1003 1176 1199 1209 armatos
1226 1162 1364 1209 muris
1393 1163 1555 1211 admo·

263 1248 421 1294 vetet,
443 1235 586 1294 milit,
612 1237 690 1300 qui
711 1236 1040 1300 magistratibus
1069 1236 1434 1301 principibusque
1455 1236 1556 1283 sua-

264 1311 423 1355 derent
441 1344 457 1366 ,
486 1307 621 1355 fidem
648 1309 1026 1373 clementiamque
1054 1311 1397 1367 Romanorum,
1418 1326 1553 1373 quam

264 1382 362 1429 vim
380 1417 393 1439 ,
416 1381 610 1443 experiri
636 1380 833 1429 mallent.
862 1381 973 1428 nihil
999 1399 1049 1429 ea
1071 1381 1256 1429 consilia
1282 1392 1555 1439 moverunt,

263 1455 369 1518 quia
389 1454 512 1518 ignes
538 1455 594 1501 ad
612 1454 833 1517 Enipeum
860 1471 916 1501 ex
943 1455 1059 1518 regis
1093 1455 1241 1503 castris
1265 1454 1555 1517 apparebant.

267 1528 389 1574 Tum
407 1539 523 1573 terra
543 1526 745 1590 marique
772 1525 855 1591 (&
878 1527 1016 1574 claffis
1037 1527 1218 1590 appulsa
1240 1528 1294 1573 ab
1314 1527 1449 1573 litore
1467 1526 1557 1572 sta·

266 1599 376 1664 bat)
404 1601 530 1646 simul
561 1601 717 1660 armis,
737 1600 865 1647 fimul
885 1602 1098 1664 operibus
1117 1601 1426 1665 machinisque
1441 1637 1455 1660 ,
1473 1617 1560 1664 op-

267 1674 460 1740 pugnari
482 1675 638 1738 coepti.
665 1677 860 1723 Juvenes
888 1676 1020 1722 etiam
1039 1676 1220 1738 quidam
1241 1674 1466 1732 Romani,
1485 1674 1560 1720 lu-

271 1750 399 1794 dicro
429 1747 632 1795 Circenfi
658 1747 713 1793 ad
732 1747 856 1795 usum
887 1748 993 1794 belli
1013 1747 1146 1795 verso
1162 1784 1176 1806 ,
1197 1760 1369 1811 partem
1394 1745 1562 1793 humil-

268 1823 424 1869 limam
445 1822 565 1868 muri
598 1834 827 1884 ceperunt.
859 1823 965 1867 Mos
990 1834 1082 1868 erat
1105 1834 1228 1879 tum,
1249 1821 1455 1879 nondum
1475 1820 1562 1866 hac

270 1893 486 1941 effusione
521 1893 700 1940 induCta
724 1892 872 1940 bestiis
905 1892 1112 1939 omnium
1143 1893 1343 1956 gentium
1370 1892 1566 1939 Circum

271 1965 565 2029 complendi,
594 1966 722 2012 varia
747 1964 1101 2027 speetaculorum
1123 1965 1398 2028 conquirere
1423 1980 1562 2028 gene-

272 2057 345 2085 ra:
377 2055 461 2085 nec
482 2075 498 2096 ,
528 2038 661 2085 semel
685 2037 940 2101 quadrigis,
974 2037 1106 2084 semel
1144 2038 1368 2085 desultore
1400 2036 1561 2095 miffo,

273 2113 353 2159 vix
375 2112 509 2158 unius
529 2112 655 2157 horae
675 2123 847 2173 tempus
867 2122 1107 2173 utrumque
1135 2111 1416 2157 curriculum
1432 2125 1566 2155 com-

273 2189 436 2252 plebat.
467 2191 587 2234 Inter
612 2201 758 2235 cetera
785 2186 990 2249 sexageni
1015 2186 1155 2233 ferme
1181 2185 1401 2247 juvenes,
1419 2186 1566 2231 inter-

274 2264 380 2309 dum
412 2262 563 2325 plures
580 2298 593 2319 ‚
626 2262 959 2324 apparitoribus
985 2261 1077 2307 ludi
1104 2260 1259 2307 armati
1282 2259 1566 2306 induceban-

273 2352 361 2384 tur.
396 2339 562 2384 horum
579 2336 780 2383 induffio
802 2336 848 2381 in
876 2351 1000 2398 parte
1023 2335 1307 2381 fimulacrum
1327 2333 1569 2380 decurren-

276 2412 334 2458 tis
363 2410 586 2457 exercitus
616 2422 734 2466 erat;
773 2427 829 2456 ex
859 2421 986 2472 parte
1018 2406 1304 2471 elegantioris
1335 2403 1568 2462 exercitii,

278 2501 413 2545 quam
442 2484 645 2533 militaris
676 2483 782 2532 artis
803 2520 819 2543 ‚
853 2482 1141 2547 propiorque
1164 2477 1479 2548 gladiatorium
1499 2491 1571 2530 arn>
