<?xml version="1.0" encoding="UTF-8"?>
<!DOCTYPE html PUBLIC "-//W3C//DTD XHTML 1.0 Transitional//EN"
    "http://www.w3.org/TR/xhtml1/DTD/xhtml1-transitional.dtd">
<html xmlns="http://www.w3.org/1999/xhtml" xml:lang="en" lang="en">
 <head>
  <title>
</title>
<meta http-equiv="Content-Type" content="text/html;charset=utf-8" />
  <meta name='ocr-system' content='tesseract 3.04.00' />
  <meta name='ocr-capabilities' content='ocr_page ocr_carea ocr_par ocr_line ocrx_word'/>
</head>
<body>
  <div class='ocr_page' id='page_1' title='image "./historiarumlibri07livyuoft_0067.png"; bbox 0 0 1673 3052; ppageno 0'>
   <div class='ocr_carea' id='block_1_1' title="bbox 265 200 1352 265">
    <p class='ocr_par' dir='ltr' id='par_1_1' title="bbox 265 200 1352 265">
     <span class='ocr_line' id='line_1_1' title="bbox 265 200 1352 265; baseline -0.001 -17"><span class='ocrx_word' id='word_1_1' title='bbox 265 200 812 249; x_wconf 82' lang='lat' dir='ltr'>HISTORIARUM</span> <span class='ocrx_word' id='word_1_2' title='bbox 848 201 970 248; x_wconf 86' lang='lat' dir='ltr'><strong>LIB.</strong></span> <span class='ocrx_word' id='word_1_3' title='bbox 1005 202 1141 248; x_wconf 79' lang='lat' dir='ltr'>XLII.</span> <span class='ocrx_word' id='word_1_4' title='bbox 1294 216 1352 265; x_wconf 82' lang='lat'>59</span> 
     </span>
    </p>
   </div>
   <div class='ocr_carea' id='block_1_2' title="bbox 44 306 1356 2556">
    <p class='ocr_par' dir='ltr' id='par_1_2' title="bbox 44 306 1356 2556">
     <span class='ocr_line' id='line_1_2' title="bbox 44 306 1350 371; baseline -0.001 -16"><span class='ocrx_word' id='word_1_5' title='bbox 44 309 198 367; x_wconf 68' lang='lat' dir='ltr'>=dem3</span> <span class='ocrx_word' id='word_1_6' title='bbox 231 306 478 365; x_wconf 69' lang='lat' dir='ltr'>confe&amp;0,</span> <span class='ocrx_word' id='word_1_7' title='bbox 511 324 616 354; x_wconf 90' lang='lat' dir='ltr'>cum</span> <span class='ocrx_word' id='word_1_8' title='bbox 648 319 998 371; x_wconf 86' lang='lat' dir='ltr'>purpuratorum</span> <span class='ocrx_word' id='word_1_9' title='bbox 1034 309 1084 354; x_wconf 88' lang='lat'>&amp;</span> <span class='ocrx_word' id='word_1_10' title='bbox 1113 306 1350 354; x_wconf 76' lang='lat' dir='ltr'>satellitum</span> 
     </span>
     <span class='ocr_line' id='line_1_3' title="bbox 66 380 1352 445; baseline 0.002 -17"><span class='ocrx_word' id='word_1_11' title='bbox 66 399 203 428; x_wconf 86' lang='lat' dir='ltr'>manu</span> <span class='ocrx_word' id='word_1_12' title='bbox 231 380 459 445; x_wconf 69' lang='lat' dir='ltr'>profeftus</span> <span class='ocrx_word' id='word_1_13' title='bbox 487 381 659 428; x_wconf 85' lang='lat' dir='ltr'>Citium</span> <span class='ocrx_word' id='word_1_14' title='bbox 688 381 764 431; x_wconf 83' lang='lat' dir='ltr'>est.</span> <span class='ocrx_word' id='word_1_15' title='bbox 802 398 860 429; x_wconf 89' lang='lat' dir='ltr'>eo</span> <span class='ocrx_word' id='word_1_16' title='bbox 887 381 976 443; x_wconf 83' lang='lat' dir='ltr'>jam</span> <span class='ocrx_word' id='word_1_17' title='bbox 1003 399 1162 429; x_wconf 90' lang='lat' dir='ltr'>omnes</span> <span class='ocrx_word' id='word_1_18' title='bbox 1194 383 1352 430; x_wconf 86' lang='lat' dir='ltr'>Mace-</span> 
     </span>
     <span class='ocr_line' id='line_1_4' title="bbox 64 454 1352 517; baseline 0 -16"><span class='ocrx_word' id='word_1_19' title='bbox 64 454 240 514; x_wconf 84' lang='lat' dir='ltr'>donum</span> <span class='ocrx_word' id='word_1_20' title='bbox 257 467 639 517; x_wconf 85' lang='lat' dir='ltr'>externorumque</span> <span class='ocrx_word' id='word_1_21' title='bbox 656 455 931 502; x_wconf 85' lang='lat' dir='ltr'>auxiliorum</span> <span class='ocrx_word' id='word_1_22' title='bbox 949 466 1261 503; x_wconf 85' lang='lat' dir='ltr'>convenerant</span> <span class='ocrx_word' id='word_1_23' title='bbox 1274 471 1352 501; x_wconf 89' lang='lat' dir='ltr'>co·</span> 
     </span>
     <span class='ocr_line' id='line_1_5' title="bbox 67 524 1352 592; baseline 0.002 -21"><span class='ocrx_word' id='word_1_24' title='bbox 67 525 170 589; x_wconf 80' lang='lat' dir='ltr'>piae.</span> <span class='ocrx_word' id='word_1_25' title='bbox 197 524 351 573; x_wconf 83' lang='lat' dir='ltr'>Castra</span> <span class='ocrx_word' id='word_1_26' title='bbox 375 538 478 573; x_wconf 87' lang='lat' dir='ltr'>ante</span> <span class='ocrx_word' id='word_1_27' title='bbox 507 527 665 573; x_wconf 84' lang='lat' dir='ltr'>urbem</span> <span class='ocrx_word' id='word_1_28' title='bbox 693 527 854 590; x_wconf 84' lang='lat' dir='ltr'>ponit,</span> <span class='ocrx_word' id='word_1_29' title='bbox 883 527 1132 592; x_wconf 80' lang='lat' dir='ltr'>omnesque</span> <span class='ocrx_word' id='word_1_30' title='bbox 1155 540 1352 575; x_wconf 80' lang='lat' dir='ltr'>armatos</span> 
     </span>
     <span class='ocr_line' id='line_1_6' title="bbox 67 598 1351 662; baseline -0.001 -17"><span class='ocrx_word' id='word_1_31' title='bbox 67 598 115 645; x_wconf 86' lang='lat' dir='ltr'>in</span> <span class='ocrx_word' id='word_1_32' title='bbox 134 615 296 661; x_wconf 83' lang='lat' dir='ltr'>campo</span> <span class='ocrx_word' id='word_1_33' title='bbox 319 599 494 648; x_wconf 80' lang='lat' dir='ltr'>struxit.</span> <span class='ocrx_word' id='word_1_34' title='bbox 513 600 695 646; x_wconf 86' lang='lat' dir='ltr'>Summa</span> <span class='ocrx_word' id='word_1_35' title='bbox 710 599 917 646; x_wconf 85' lang='lat' dir='ltr'>omnium</span> <span class='ocrx_word' id='word_1_36' title='bbox 937 598 1231 662; x_wconf 83' lang='lat' dir='ltr'>quadraginta</span> <span class='ocrx_word' id='word_1_37' title='bbox 1250 598 1351 645; x_wconf 89' lang='lat' dir='ltr'>mil-</span> 
     </span>
     <span class='ocr_line' id='line_1_7' title="bbox 67 670 1352 735; baseline -0.001 -18"><span class='ocrx_word' id='word_1_38' title='bbox 67 670 128 718; x_wconf 88' lang='lat' dir='ltr'>lia</span> <span class='ocrx_word' id='word_1_39' title='bbox 158 682 325 727; x_wconf 84' lang='lat' dir='ltr'>armata</span> <span class='ocrx_word' id='word_1_40' title='bbox 345 670 492 718; x_wconf 89' lang='lat' dir='ltr'>fuere:</span> <span class='ocrx_word' id='word_1_41' title='bbox 522 687 717 735; x_wconf 85' lang='lat' dir='ltr'>quorum</span> <span class='ocrx_word' id='word_1_42' title='bbox 744 687 842 734; x_wconf 86' lang='lat' dir='ltr'>pars</span> <span class='ocrx_word' id='word_1_43' title='bbox 871 671 1011 718; x_wconf 84' lang='lat' dir='ltr'>ferme</span> <span class='ocrx_word' id='word_1_44' title='bbox 1036 670 1219 717; x_wconf 87' lang='lat' dir='ltr'>dimidia</span> <span class='ocrx_word' id='word_1_45' title='bbox 1240 671 1352 734; x_wconf 88' lang='lat' dir='ltr'>pha-</span> 
     </span>
     <span class='ocr_line' id='line_1_8' title="bbox 66 741 1354 807; baseline 0 -17"><span class='ocrx_word' id='word_1_46' title='bbox 66 742 245 807; x_wconf 83' lang='lat' dir='ltr'>langitae</span> <span class='ocrx_word' id='word_1_47' title='bbox 272 755 412 791; x_wconf 85' lang='lat' dir='ltr'>erant.</span> <span class='ocrx_word' id='word_1_48' title='bbox 449 741 636 806; x_wconf 82' lang='lat' dir='ltr'>Hippias</span> <span class='ocrx_word' id='word_1_49' title='bbox 665 745 890 790; x_wconf 78' lang='lat' dir='ltr'>Beroeaeus</span> <span class='ocrx_word' id='word_1_50' title='bbox 922 755 1126 806; x_wconf 81' lang='lat' dir='ltr'>praeerat.</span> <span class='ocrx_word' id='word_1_51' title='bbox 1163 743 1354 791; x_wconf 67' lang='lat' dir='ltr'>Dele&amp;a</span> 
     </span>
     <span class='ocr_line' id='line_1_9' title="bbox 68 815 1353 875; baseline 0 -13"><span class='ocrx_word' id='word_1_52' title='bbox 68 816 232 863; x_wconf 90' lang='lat' dir='ltr'>deinde</span> <span class='ocrx_word' id='word_1_53' title='bbox 263 818 313 864; x_wconf 90' lang='lat'>&amp;</span> <span class='ocrx_word' id='word_1_54' title='bbox 339 816 516 864; x_wconf 85' lang='lat' dir='ltr'>viribus</span> <span class='ocrx_word' id='word_1_55' title='bbox 548 818 597 863; x_wconf 71' lang='grc' dir='ltr'>δι</span> <span class='ocrx_word' id='word_1_56' title='bbox 624 815 794 862; x_wconf 84' lang='lat' dir='ltr'>robore</span> <span class='ocrx_word' id='word_1_57' title='bbox 820 816 992 875; x_wconf 69' lang='lat' dir='ltr'>aetatis,</span> <span class='ocrx_word' id='word_1_58' title='bbox 1028 833 1084 862; x_wconf 83' lang='lat' dir='ltr'>ex</span> <span class='ocrx_word' id='word_1_59' title='bbox 1110 815 1238 862; x_wconf 86' lang='lat' dir='ltr'>omni</span> <span class='ocrx_word' id='word_1_60' title='bbox 1275 833 1353 862; x_wconf 83' lang='lat' dir='ltr'>ce-</span> 
     </span>
     <span class='ocr_line' id='line_1_10' title="bbox 67 889 1353 953; baseline 0.001 -17"><span class='ocrx_word' id='word_1_61' title='bbox 67 901 288 937; x_wconf 83' lang='lat' dir='ltr'>tratorum</span> <span class='ocrx_word' id='word_1_62' title='bbox 316 906 538 946; x_wconf 88' lang='lat' dir='ltr'>numero,</span> <span class='ocrx_word' id='word_1_63' title='bbox 572 889 664 936; x_wconf 90' lang='lat' dir='ltr'>duo</span> <span class='ocrx_word' id='word_1_64' title='bbox 699 901 826 935; x_wconf 82' lang='lat' dir='ltr'>erant</span> <span class='ocrx_word' id='word_1_65' title='bbox 860 903 1084 953; x_wconf 78' lang='lat' dir='ltr'>agemata:</span> <span class='ocrx_word' id='word_1_66' title='bbox 1121 891 1239 937; x_wconf 86' lang='lat' dir='ltr'>hanc</span> <span class='ocrx_word' id='word_1_67' title='bbox 1271 891 1353 953; x_wconf 79' lang='lat' dir='ltr'>ipfi</span> 
     </span>
     <span class='ocr_line' id='line_1_11' title="bbox 67 930 1353 1024; baseline 0.001 -17"><span class='ocrx_word' id='word_1_68' title='bbox 67 961 292 1024; x_wconf 80' lang='lat' dir='ltr'><strong>legionem</strong></span> <span class='ocrx_word' id='word_1_69' title='bbox 313 961 559 1009; x_wconf 84' lang='lat' dir='ltr'>vocabant.</span> <span class='ocrx_word' id='word_1_70' title='bbox 593 960 832 1008; x_wconf 57' lang='lat' dir='ltr'>Praefeelos</span> <span class='ocrx_word' id='word_1_71' title='bbox 853 930 1076 1009; x_wconf 77' lang='lat' dir='ltr'>habebant</span> <span class='ocrx_word' id='word_1_72' title='bbox 1100 964 1353 1009; x_wconf 81' lang='lat' dir='ltr'>Leonatum</span> 
     </span>
     <span class='ocr_line' id='line_1_12' title="bbox 67 1031 1352 1096; baseline -0.002 -16"><span class='ocrx_word' id='word_1_73' title='bbox 67 1034 117 1080; x_wconf 87' lang='lat'>&amp;</span> <span class='ocrx_word' id='word_1_74' title='bbox 138 1031 439 1095; x_wconf 88' lang='lat' dir='ltr'>Thrafippum</span> <span class='ocrx_word' id='word_1_75' title='bbox 468 1031 716 1096; x_wconf 77' lang='lat' dir='ltr'>Eulyesias.</span> <span class='ocrx_word' id='word_1_76' title='bbox 750 1033 834 1079; x_wconf 89' lang='lat' dir='ltr'>Ce</span> <span class='ocrx_word' id='word_1_77' title='bbox 839 1050 1021 1080; x_wconf 83' lang='lat' dir='ltr'>erorum</span> <span class='ocrx_word' id='word_1_78' title='bbox 1046 1045 1320 1080; x_wconf 84' lang='lat' dir='ltr'>cetratorum</span> <span class='ocrx_word' id='word_1_79' title='bbox 1337 1067 1352 1086; x_wconf 88' lang='lat'><strong>‚</strong></span> 
     </span>
     <span class='ocr_line' id='line_1_13' title="bbox 66 1105 1353 1167; baseline -0.001 -15"><span class='ocrx_word' id='word_1_80' title='bbox 66 1105 201 1152; x_wconf 78' lang='lat' dir='ltr'>trium</span> <span class='ocrx_word' id='word_1_81' title='bbox 222 1105 362 1152; x_wconf 86' lang='lat' dir='ltr'>ferme</span> <span class='ocrx_word' id='word_1_82' title='bbox 383 1105 576 1153; x_wconf 84' lang='lat' dir='ltr'>millium</span> <span class='ocrx_word' id='word_1_83' title='bbox 606 1105 841 1153; x_wconf 87' lang='lat' dir='ltr'>hominum</span> <span class='ocrx_word' id='word_1_84' title='bbox 857 1141 871 1163; x_wconf 86' lang='lat'>‚</span> <span class='ocrx_word' id='word_1_85' title='bbox 901 1106 995 1152; x_wconf 77' lang='lat' dir='ltr'>dux</span> <span class='ocrx_word' id='word_1_86' title='bbox 1022 1117 1116 1152; x_wconf 81' lang='lat' dir='ltr'>erat</span> <span class='ocrx_word' id='word_1_87' title='bbox 1140 1105 1353 1167; x_wconf 81' lang='lat' dir='ltr'>Antiphi-</span> 
     </span>
     <span class='ocr_line' id='line_1_14' title="bbox 65 1177 1353 1241; baseline -0.002 -16"><span class='ocrx_word' id='word_1_88' title='bbox 65 1179 134 1225; x_wconf 86' lang='lat' dir='ltr'>lus</span> <span class='ocrx_word' id='word_1_89' title='bbox 156 1178 389 1226; x_wconf 81' lang='lat' dir='ltr'>Edeffaeus.</span> <span class='ocrx_word' id='word_1_90' title='bbox 421 1179 608 1224; x_wconf 71' lang='lat' dir='ltr'>Paeones</span> <span class='ocrx_word' id='word_1_91' title='bbox 627 1213 641 1234; x_wconf 94' lang='lat'>,</span> <span class='ocrx_word' id='word_1_92' title='bbox 678 1179 728 1225; x_wconf 83' lang='lat'>&amp;</span> <span class='ocrx_word' id='word_1_93' title='bbox 760 1195 816 1225; x_wconf 83' lang='lat' dir='ltr'>ex</span> <span class='ocrx_word' id='word_1_94' title='bbox 842 1179 1035 1224; x_wconf 82' lang='lat' dir='ltr'>Parorea</span> <span class='ocrx_word' id='word_1_95' title='bbox 1065 1178 1115 1224; x_wconf 71' lang='grc' dir='ltr'>δε</span> <span class='ocrx_word' id='word_1_96' title='bbox 1148 1177 1353 1241; x_wconf 78' lang='lat' dir='ltr'>Parstry-</span> 
     </span>
     <span class='ocr_line' id='line_1_15' title="bbox 65 1248 1353 1317; baseline -0.001 -19"><span class='ocrx_word' id='word_1_97' title='bbox 65 1250 222 1299; x_wconf 81' lang='lat' dir='ltr'>monia</span> <span class='ocrx_word' id='word_1_98' title='bbox 253 1251 387 1317; x_wconf 90' lang='lat' dir='ltr'>(sunt</span> <span class='ocrx_word' id='word_1_99' title='bbox 418 1263 565 1298; x_wconf 86' lang='lat' dir='ltr'>autem</span> <span class='ocrx_word' id='word_1_100' title='bbox 592 1267 643 1297; x_wconf 88' lang='lat' dir='ltr'>ea</span> <span class='ocrx_word' id='word_1_101' title='bbox 674 1252 776 1299; x_wconf 89' lang='lat' dir='ltr'>loca</span> <span class='ocrx_word' id='word_1_102' title='bbox 807 1250 999 1311; x_wconf 59' lang='lat' dir='ltr'>subjefih</span> <span class='ocrx_word' id='word_1_103' title='bbox 1028 1248 1270 1313; x_wconf 78' lang='lat' dir='ltr'>Thraciae)</span> <span class='ocrx_word' id='word_1_104' title='bbox 1302 1252 1353 1297; x_wconf 64' lang='grc' dir='ltr'>δε</span> 
     </span>
     <span class='ocr_line' id='line_1_16' title="bbox 66 1320 1352 1386; baseline -0.001 -16"><span class='ocrx_word' id='word_1_105' title='bbox 66 1323 279 1386; x_wconf 85' lang='lat' dir='ltr'>Agrianes</span> <span class='ocrx_word' id='word_1_106' title='bbox 295 1359 310 1381; x_wconf 92' lang='lat'>‚</span> <span class='ocrx_word' id='word_1_107' title='bbox 329 1322 537 1370; x_wconf 78' lang='lat' dir='ltr'>admixtis</span> <span class='ocrx_word' id='word_1_108' title='bbox 559 1322 691 1368; x_wconf 87' lang='lat' dir='ltr'>etiam</span> <span class='ocrx_word' id='word_1_109' title='bbox 713 1323 971 1369; x_wconf 79' lang='lat' dir='ltr'>Thracibus</span> <span class='ocrx_word' id='word_1_110' title='bbox 990 1320 1183 1378; x_wconf 77' lang='lat' dir='ltr'>incolis,</span> <span class='ocrx_word' id='word_1_111' title='bbox 1214 1322 1352 1369; x_wconf 85' lang='lat' dir='ltr'>trium</span> 
     </span>
     <span class='ocr_line' id='line_1_17' title="bbox 65 1394 1353 1458; baseline -0.001 -17"><span class='ocrx_word' id='word_1_112' title='bbox 65 1396 258 1443; x_wconf 90' lang='lat' dir='ltr'>millium</span> <span class='ocrx_word' id='word_1_113' title='bbox 288 1396 427 1444; x_wconf 88' lang='lat' dir='ltr'>ferme</span> <span class='ocrx_word' id='word_1_114' title='bbox 458 1396 508 1442; x_wconf 85' lang='lat'>&amp;</span> <span class='ocrx_word' id='word_1_115' title='bbox 539 1394 619 1457; x_wconf 80' lang='lat' dir='ltr'>ipfi</span> <span class='ocrx_word' id='word_1_116' title='bbox 649 1395 952 1458; x_wconf 85' lang='lat' dir='ltr'>expleverunt</span> <span class='ocrx_word' id='word_1_117' title='bbox 979 1411 1229 1441; x_wconf 81' lang='lat' dir='ltr'>numerum.</span> <span class='ocrx_word' id='word_1_118' title='bbox 1265 1397 1353 1440; x_wconf 81' lang='lat' dir='ltr'>Ar-</span> 
     </span>
     <span class='ocr_line' id='line_1_18' title="bbox 63 1466 1349 1530; baseline -0.002 -15"><span class='ocrx_word' id='word_1_119' title='bbox 63 1479 266 1515; x_wconf 87' lang='lat' dir='ltr'>maverat</span> <span class='ocrx_word' id='word_1_120' title='bbox 285 1480 662 1530; x_wconf 76' lang='lat' dir='ltr'>contraxeratque</span> <span class='ocrx_word' id='word_1_121' title='bbox 681 1485 759 1514; x_wconf 86' lang='lat' dir='ltr'>eos</span> <span class='ocrx_word' id='word_1_122' title='bbox 778 1468 922 1515; x_wconf 83' lang='lat' dir='ltr'>Didas</span> <span class='ocrx_word' id='word_1_123' title='bbox 941 1469 1080 1514; x_wconf 88' lang='lat' dir='ltr'>Paeon</span> <span class='ocrx_word' id='word_1_124' title='bbox 1098 1503 1113 1524; x_wconf 92' lang='lat'>,</span> <span class='ocrx_word' id='word_1_125' title='bbox 1132 1466 1212 1529; x_wconf 80' lang='lat' dir='ltr'>qui</span> <span class='ocrx_word' id='word_1_126' title='bbox 1234 1467 1349 1513; x_wconf 83' lang='lat' dir='ltr'>ado-</span> 
     </span>
     <span class='ocr_line' id='line_1_19' title="bbox 63 1540 1350 1590; baseline 0 -3"><span class='ocrx_word' id='word_1_127' title='bbox 63 1541 301 1590; x_wconf 89' lang='lat' dir='ltr'>lescentem</span> <span class='ocrx_word' id='word_1_128' title='bbox 321 1541 607 1589; x_wconf 81' lang='lat' dir='ltr'>Demetrium</span> <span class='ocrx_word' id='word_1_129' title='bbox 625 1541 868 1589; x_wconf 83' lang='lat' dir='ltr'>occiderat.</span> <span class='ocrx_word' id='word_1_130' title='bbox 886 1543 941 1587; x_wconf 82' lang='lat' dir='ltr'>Et</span> <span class='ocrx_word' id='word_1_131' title='bbox 959 1552 1230 1586; x_wconf 80' lang='lat' dir='ltr'>armatorum</span> <span class='ocrx_word' id='word_1_132' title='bbox 1257 1540 1350 1587; x_wconf 86' lang='lat' dir='ltr'>duo</span> 
     </span>
     <span class='ocr_line' id='line_1_20' title="bbox 64 1613 1350 1677; baseline -0.002 -15"><span class='ocrx_word' id='word_1_133' title='bbox 64 1615 204 1662; x_wconf 88' lang='lat' dir='ltr'>millia</span> <span class='ocrx_word' id='word_1_134' title='bbox 230 1615 470 1663; x_wconf 84' lang='lat' dir='ltr'>Gallorum</span> <span class='ocrx_word' id='word_1_135' title='bbox 493 1626 645 1672; x_wconf 85' lang='lat' dir='ltr'>erant,</span> <span class='ocrx_word' id='word_1_136' title='bbox 665 1614 877 1677; x_wconf 71' lang='lat' dir='ltr'>praefe&amp;o</span> <span class='ocrx_word' id='word_1_137' title='bbox 901 1613 1246 1676; x_wconf 82' lang='lat' dir='ltr'>Asclepiodoto.</span> <span class='ocrx_word' id='word_1_138' title='bbox 1278 1614 1350 1660; x_wconf 88' lang='lat' dir='ltr'>Ab</span> 
     </span>
     <span class='ocr_line' id='line_1_21' title="bbox 65 1686 1352 1736; baseline -0.001 -2"><span class='ocrx_word' id='word_1_139' title='bbox 65 1687 282 1736; x_wconf 82' lang='lat' dir='ltr'>Heraclea</span> <span class='ocrx_word' id='word_1_140' title='bbox 312 1706 369 1736; x_wconf 85' lang='lat' dir='ltr'>ex</span> <span class='ocrx_word' id='word_1_141' title='bbox 395 1688 547 1736; x_wconf 80' lang='lat' dir='ltr'>Sintiis</span> <span class='ocrx_word' id='word_1_142' title='bbox 579 1688 663 1735; x_wconf 89' lang='lat' dir='ltr'>tria</span> <span class='ocrx_word' id='word_1_143' title='bbox 690 1688 829 1734; x_wconf 82' lang='lat' dir='ltr'>millia</span> <span class='ocrx_word' id='word_1_144' title='bbox 848 1687 1076 1734; x_wconf 85' lang='lat' dir='ltr'>Thracum</span> <span class='ocrx_word' id='word_1_145' title='bbox 1102 1686 1352 1733; x_wconf 83' lang='lat' dir='ltr'>liberorum</span> 
     </span>
     <span class='ocr_line' id='line_1_22' title="bbox 65 1761 1353 1824; baseline -0.002 -16"><span class='ocrx_word' id='word_1_146' title='bbox 65 1761 190 1813; x_wconf 88' lang='lat' dir='ltr'>suum</span> <span class='ocrx_word' id='word_1_147' title='bbox 211 1763 372 1811; x_wconf 88' lang='lat' dir='ltr'>ducem</span> <span class='ocrx_word' id='word_1_148' title='bbox 391 1763 630 1809; x_wconf 87' lang='lat' dir='ltr'>habebant.</span> <span class='ocrx_word' id='word_1_149' title='bbox 652 1761 932 1809; x_wconf 73' lang='lat' dir='ltr'>Cretensium</span> <span class='ocrx_word' id='word_1_150' title='bbox 948 1778 1028 1824; x_wconf 86' lang='lat' dir='ltr'>par</span> <span class='ocrx_word' id='word_1_151' title='bbox 1046 1777 1174 1823; x_wconf 88' lang='lat' dir='ltr'>paene</span> <span class='ocrx_word' id='word_1_152' title='bbox 1193 1777 1353 1806; x_wconf 87' lang='lat' dir='ltr'>nume-</span> 
     </span>
     <span class='ocr_line' id='line_1_23' title="bbox 64 1829 1355 1901; baseline 0.002 -20"><span class='ocrx_word' id='word_1_153' title='bbox 64 1853 139 1883; x_wconf 82' lang='lat' dir='ltr'>rus</span> <span class='ocrx_word' id='word_1_154' title='bbox 159 1837 264 1885; x_wconf 89' lang='lat' dir='ltr'>suos</span> <span class='ocrx_word' id='word_1_155' title='bbox 283 1839 417 1885; x_wconf 86' lang='lat' dir='ltr'>duces</span> <span class='ocrx_word' id='word_1_156' title='bbox 437 1837 701 1901; x_wconf 83' lang='lat' dir='ltr'>sequebatur</span> <span class='ocrx_word' id='word_1_157' title='bbox 717 1873 731 1896; x_wconf 87' lang='lat'>‚</span> <span class='ocrx_word' id='word_1_158' title='bbox 758 1837 914 1883; x_wconf 88' lang='lat' dir='ltr'>Susum</span> <span class='ocrx_word' id='word_1_159' title='bbox 946 1834 1283 1882; x_wconf 77' lang='lat' dir='ltr'>Phalasarneum</span> <span class='ocrx_word' id='word_1_160' title='bbox 1301 1829 1355 1883; x_wconf 83' lang='lat'>&amp;</span> 
     </span>
     <span class='ocr_line' id='line_1_24' title="bbox 65 1908 1356 1974; baseline -0.001 -19"><span class='ocrx_word' id='word_1_161' title='bbox 65 1909 243 1974; x_wconf 87' lang='lat' dir='ltr'>Syllum</span> <span class='ocrx_word' id='word_1_162' title='bbox 257 1911 512 1959; x_wconf 85' lang='lat' dir='ltr'>Gnoffium.</span> <span class='ocrx_word' id='word_1_163' title='bbox 530 1914 584 1958; x_wconf 86' lang='lat' dir='ltr'>Et</span> <span class='ocrx_word' id='word_1_164' title='bbox 599 1908 823 1958; x_wconf 73' lang='lat' dir='ltr'>Leonides</span> <span class='ocrx_word' id='word_1_165' title='bbox 836 1909 1204 1958; x_wconf 81' lang='lat' dir='ltr'>Lacedaemonius</span> <span class='ocrx_word' id='word_1_166' title='bbox 1225 1908 1356 1972; x_wconf 88' lang='lat' dir='ltr'>quin-</span> 
     </span>
     <span class='ocr_line' id='line_1_25' title="bbox 64 1981 1351 2048; baseline -0.002 -20"><span class='ocrx_word' id='word_1_167' title='bbox 64 1983 208 2045; x_wconf 84' lang='lat' dir='ltr'>gentis</span> <span class='ocrx_word' id='word_1_168' title='bbox 229 2001 285 2031; x_wconf 74' lang='lat' dir='ltr'>ex</span> <span class='ocrx_word' id='word_1_169' title='bbox 313 1985 514 2041; x_wconf 83' lang='lat' dir='ltr'>Graecia,</span> <span class='ocrx_word' id='word_1_170' title='bbox 545 1985 693 2032; x_wconf 82' lang='lat' dir='ltr'>mixto</span> <span class='ocrx_word' id='word_1_171' title='bbox 721 1983 874 2048; x_wconf 83' lang='lat' dir='ltr'>generi</span> <span class='ocrx_word' id='word_1_172' title='bbox 901 1981 1171 2039; x_wconf 84' lang='lat' dir='ltr'>hominum,</span> <span class='ocrx_word' id='word_1_173' title='bbox 1206 1997 1351 2043; x_wconf 75' lang='lat' dir='ltr'>praee-</span> 
     </span>
     <span class='ocr_line' id='line_1_26' title="bbox 65 2053 1353 2121; baseline -0.001 -20"><span class='ocrx_word' id='word_1_174' title='bbox 65 2068 148 2102; x_wconf 77' lang='lat' dir='ltr'>rat.</span> <span class='ocrx_word' id='word_1_175' title='bbox 174 2057 303 2121; x_wconf 79' lang='lat' dir='ltr'>Regii</span> <span class='ocrx_word' id='word_1_176' title='bbox 319 2057 355 2103; x_wconf 91' lang='lat' dir='ltr'>is</span> <span class='ocrx_word' id='word_1_177' title='bbox 373 2058 549 2120; x_wconf 83' lang='lat' dir='ltr'>generis</span> <span class='ocrx_word' id='word_1_178' title='bbox 572 2057 824 2113; x_wconf 83' lang='lat' dir='ltr'>ferebatur3</span> <span class='ocrx_word' id='word_1_179' title='bbox 845 2055 991 2112; x_wconf 82' lang='lat' dir='ltr'>exsul,</span> <span class='ocrx_word' id='word_1_180' title='bbox 1011 2055 1241 2100; x_wconf 79' lang='lat' dir='ltr'>damnatus</span> <span class='ocrx_word' id='word_1_181' title='bbox 1259 2053 1353 2100; x_wconf 64' lang='lat' dir='ltr'>fre«-</span> 
     </span>
     <span class='ocr_line' id='line_1_27' title="bbox 65 2127 1353 2191; baseline -0.002 -17"><span class='ocrx_word' id='word_1_182' title='bbox 65 2129 223 2191; x_wconf 88' lang='lat' dir='ltr'>quenti</span> <span class='ocrx_word' id='word_1_183' title='bbox 238 2130 440 2177; x_wconf 87' lang='lat' dir='ltr'>concilio</span> <span class='ocrx_word' id='word_1_184' title='bbox 460 2130 729 2177; x_wconf 78' lang='lat' dir='ltr'>Achaeorum</span> <span class='ocrx_word' id='word_1_185' title='bbox 741 2167 757 2188; x_wconf 88' lang='lat'><strong><em>,</em></strong></span> <span class='ocrx_word' id='word_1_186' title='bbox 771 2128 909 2176; x_wconf 85' lang='lat' dir='ltr'>literis</span> <span class='ocrx_word' id='word_1_187' title='bbox 925 2128 980 2175; x_wconf 85' lang='lat' dir='ltr'>ad</span> <span class='ocrx_word' id='word_1_188' title='bbox 992 2127 1146 2174; x_wconf 79' lang='lat' dir='ltr'>Persea</span> <span class='ocrx_word' id='word_1_189' title='bbox 1164 2127 1353 2189; x_wconf 77' lang='lat' dir='ltr'>depren-</span> 
     </span>
     <span class='ocr_line' id='line_1_28' title="bbox 64 2199 1352 2265; baseline 0.001 -19"><span class='ocrx_word' id='word_1_190' title='bbox 64 2199 133 2247; x_wconf 83' lang='lat' dir='ltr'>fis.</span> <span class='ocrx_word' id='word_1_191' title='bbox 165 2202 425 2250; x_wconf 85' lang='lat' dir='ltr'>AEtolorum</span> <span class='ocrx_word' id='word_1_192' title='bbox 457 2203 506 2249; x_wconf 86' lang='lat'>&amp;</span> <span class='ocrx_word' id='word_1_193' title='bbox 536 2204 803 2249; x_wconf 86' lang='lat' dir='ltr'>Boeotorum</span> <span class='ocrx_word' id='word_1_194' title='bbox 823 2237 837 2260; x_wconf 84' lang='lat'>‚</span> <span class='ocrx_word' id='word_1_195' title='bbox 871 2200 952 2265; x_wconf 87' lang='lat' dir='ltr'>qui</span> <span class='ocrx_word' id='word_1_196' title='bbox 982 2217 1077 2246; x_wconf 91' lang='lat' dir='ltr'>non</span> <span class='ocrx_word' id='word_1_197' title='bbox 1108 2199 1352 2263; x_wconf 69' lang='lat' dir='ltr'>explebant</span> 
     </span>
     <span class='ocr_line' id='line_1_29' title="bbox 60 2273 1352 2338; baseline 0 -20"><span class='ocrx_word' id='word_1_198' title='bbox 60 2273 167 2336; x_wconf 83' lang='lat' dir='ltr'>plus</span> <span class='ocrx_word' id='word_1_199' title='bbox 188 2287 320 2338; x_wconf 81' lang='lat' dir='ltr'>quam</span> <span class='ocrx_word' id='word_1_200' title='bbox 348 2275 703 2338; x_wconf 84' lang='lat' dir='ltr'>quingentorum</span> <span class='ocrx_word' id='word_1_201' title='bbox 733 2291 892 2322; x_wconf 88' lang='lat' dir='ltr'>omnes</span> <span class='ocrx_word' id='word_1_202' title='bbox 921 2290 1183 2330; x_wconf 86' lang='lat' dir='ltr'>numerum,</span> <span class='ocrx_word' id='word_1_203' title='bbox 1217 2274 1352 2336; x_wconf 80' lang='lat' dir='ltr'>Lyco</span> 
     </span>
     <span class='ocr_line' id='line_1_30' title="bbox 62 2344 1351 2411; baseline -0.007 -14"><span class='ocrx_word' id='word_1_204' title='bbox 62 2347 255 2397; x_wconf 84' lang='lat' dir='ltr'>Achaeus</span> <span class='ocrx_word' id='word_1_205' title='bbox 286 2348 517 2411; x_wconf 67' lang='lat' dir='ltr'>praefeftus</span> <span class='ocrx_word' id='word_1_206' title='bbox 538 2360 641 2396; x_wconf 78' lang='lat' dir='ltr'>erat.</span> <span class='ocrx_word' id='word_1_207' title='bbox 669 2350 737 2394; x_wconf 83' lang='lat' dir='ltr'>Ex</span> <span class='ocrx_word' id='word_1_208' title='bbox 760 2347 829 2394; x_wconf 83' lang='lat' dir='ltr'>his</span> <span class='ocrx_word' id='word_1_209' title='bbox 857 2346 1009 2393; x_wconf 82' lang='lat' dir='ltr'>mixtis</span> <span class='ocrx_word' id='word_1_210' title='bbox 1043 2357 1113 2392; x_wconf 88' lang='lat' dir='ltr'>tot</span> <span class='ocrx_word' id='word_1_211' title='bbox 1145 2344 1351 2407; x_wconf 78' lang='lat' dir='ltr'>populo-</span> 
     </span>
     <span class='ocr_line' id='line_1_31' title="bbox 63 2417 1352 2482; baseline -0.004 -17"><span class='ocrx_word' id='word_1_212' title='bbox 63 2434 192 2477; x_wconf 89' lang='lat' dir='ltr'>rum,</span> <span class='ocrx_word' id='word_1_213' title='bbox 222 2431 293 2465; x_wconf 90' lang='lat' dir='ltr'>tot</span> <span class='ocrx_word' id='word_1_214' title='bbox 319 2420 516 2482; x_wconf 83' lang='lat' dir='ltr'>gentium</span> <span class='ocrx_word' id='word_1_215' title='bbox 538 2419 745 2476; x_wconf 79' lang='lat' dir='ltr'>auxiliis,</span> <span class='ocrx_word' id='word_1_216' title='bbox 769 2417 1013 2465; x_wconf 85' lang='lat' dir='ltr'>duodecim</span> <span class='ocrx_word' id='word_1_217' title='bbox 1045 2417 1183 2462; x_wconf 76' lang='lat' dir='ltr'>millia</span> <span class='ocrx_word' id='word_1_218' title='bbox 1203 2432 1352 2462; x_wconf 83' lang='lat' dir='ltr'>arma-</span> 
     </span>
     <span class='ocr_line' id='line_1_32' title="bbox 60 2490 1350 2556; baseline 0 -18"><span class='ocrx_word' id='word_1_219' title='bbox 60 2502 212 2542; x_wconf 88' lang='lat' dir='ltr'>torum</span> <span class='ocrx_word' id='word_1_220' title='bbox 245 2490 383 2542; x_wconf 80' lang='lat' dir='ltr'>ferme</span> <span class='ocrx_word' id='word_1_221' title='bbox 408 2491 732 2541; x_wconf 80' lang='lat' dir='ltr'>efficiebantur.</span> <span class='ocrx_word' id='word_1_222' title='bbox 766 2490 978 2556; x_wconf 83' lang='lat' dir='ltr'>Equitum</span> <span class='ocrx_word' id='word_1_223' title='bbox 1006 2506 1061 2537; x_wconf 83' lang='lat' dir='ltr'>ex</span> <span class='ocrx_word' id='word_1_224' title='bbox 1082 2501 1178 2537; x_wconf 82' lang='lat' dir='ltr'>tota</span> <span class='ocrx_word' id='word_1_225' title='bbox 1198 2490 1350 2538; x_wconf 72' lang='lat' dir='ltr'>Mace·</span> 
     </span>
    </p>
   </div>
  </div>
 </body>
</html>
