1673 3052
277 202 359 250 IN
400 200 575 248 Loc.
619 201 758 247 ΜΒ.
812 201 908 247 Lu
967 202 1117 248 LIV.
1267 215 1357 265 423

65 309 230 361 ‚Cretam
241 309 411 362 perfugit
433 306 678 357 adolescens}
697 309 821 348 donec
838 308 1018 347 hortante
1039 305 1223 348 Lasthene
1238 339 1250 354 ‚
1274 308 1362 346 Cre-

75 373 238 412 tensium
266 372 393 419 duce,
421 373 455 410 δι
487 382 536 410 ex
562 371 698 410 eadem
733 369 855 410 insula
886 368 1159 419 suppeditante
1190 368 1363 414 auxilia,

74 434 289 485 repetendis
313 433 422 473 avitis
452 433 589 484 opibus
610 434 781 473 animum
805 433 960 482 adjecit.
990 431 1203 472 Alexander
1219 462 1230 479 ‚
1251 429 1361 470 intel-

73 496 176 537 lecto
194 496 435 538 Demetrium
451 508 496 535 ex
512 496 624 536 Creta
637 497 677 535 in
690 495 868 536 Ciliciam
887 493 1074 544 trajecifl‘e
1086 524 1097 542 ,
1114 495 1233 544 magis
1256 501 1363 532 metu

75 557 163 607 suo,
176 571 291 610 quam
314 557 430 597 hostis
452 558 591 597 robore
608 556 737 608 pulsus
751 588 763 604 ‚
777 555 1021 599 Antiochiam
1037 555 1183 594 recellit
1197 586 1209 602 ,
1230 554 1364 594 relicta

73 618 306 672 Coelesyria:
332 619 443 668 cujus
465 625 605 669 praetor
629 617 857 669 Apollonius
872 647 884 665 ‚
908 628 998 655 cum
1029 616 1213 656 Demetrii
1238 625 1365 666 partes

73 679 224 720 secutus
238 711 250 730 ,
266 679 383 731 huJus
407 680 587 732 auspiciis·
609 688 743 720 contra
762 677 1020 729 Jonathanem
1043 677 1267 726 Judaeorum
1292 677 1365 716 du-

73 753 159 780 cem
194 740 297 781 male
330 741 602 793 pugnaviffet3
636 740 785 781 meliori
818 740 883 791 spe
913 738 1086 779 sublatus
1117 739 1362 785 Alexander,

73 801 292 853 viribusque
308 804 452 854 potior,
469 810 628 842 conatus
641 802 806 842 hostium
825 801 930 841 haud
946 801 1154 843 difficulter
1169 800 1362 841 eludebat.

65 915 73 919 q
130 865 330 907 XXXIX.
363 866 462 916 Ergo
485 865 957 915 Demetrius‚majoribus
983 865 1133 905 auxiliis
1162 878 1262 916 opus
1288 864 1365 904 esse

76 939 259 975 cernens,
281 926 543 975 Ptolemaeum
560 926 863 967 Philometorem
878 927 1032 979 AEgypti
1049 940 1181 979 regem
1204 928 1361 966 excitat.

75 988 311 1039 Quanquam
337 988 440 1027 enim
468 989 500 1027 is
523 987 643 1027 filiam
669 988 892 1028 Alexandro
918 1002 1080 1028 uxorem
1109 989 1290 1037 dederat,
1309 996 1365 1028 ta-

75 1064 191 1100 men,
208 1051 282 1091 five
300 1051 469 1090 infensus
493 1064 659 1102 genero,
683 1051 757 1090 five
773 1052 1013 1092 occasionem
1026 1053 1236 1093 invadendi
1257 1053 1363 1103 regni

72 1115 188 1153 vicini
217 1113 444 1164 amplexus,
479 1126 568 1153 cum
599 1114 821 1165 ingentibus
855 1116 1090 1165 pedestribus
1115 1115 1362 1167 equestribuf-

69 1187 146 1225 que
173 1174 295 1225 copiis
315 1175 355 1214 in
387 1175 534 1226 Syriam
561 1176 687 1223 venit,
710 1187 897 1228 tanquam
927 1192 1065 1229 genero
1094 1179 1286 1231 suppetias
1311 1179 1364 1218 la-

72 1246 194 1279 turus.
224 1238 355 1288 itaque
378 1237 553 1276 civitates
577 1238 611 1276 ei
640 1247 854 1288 portas‚ut
870 1240 1018 1290 amico,
1034 1242 1281 1292 aperiebant,
1304 1243 1362 1291 ju-

23 1299 25 1301 ’
74 1299 191 1339 bente
212 1300 431 1340 Alexandro
446 1330 456 1348 ‚
479 1301 553 1341 five
574 1301 757 1340 credebat
780 1302 960 1342 sinceram
980 1303 1098 1342 soceri
1119 1311 1288 1343 mentem
1308 1304 1362 1342 es-

74 1362 138 1411 se,
167 1364 241 1403 sive
263 1364 504 1416 simplicitate
530 1364 595 1403 sua
623 1364 784 1414 putabat
799 1365 900 1404 illius
917 1366 1079 1416 obligari
1095 1366 1212 1406 sidem
1241 1369 1275 1406 6<-
1293 1381 1363 1417 pu-

75 1425 209 1465 dorem
236 1426 369 1477 poffe:
391 1427 456 1466 nisi
481 1435 614 1466 tamen
639 1426 938 1468 dissimulatione
963 1429 1029 1468 ista
1048 1429 1196 1469 occasio
1222 1442 1363 1480 quaere-

75 1486 185 1526 batur
210 1487 375 1528 tollendi
402 1501 469 1540 per
490 1488 664 1536 infidias,
693 1501 807 1539 quem
836 1490 978 1529 viribus
999 1503 1075 1528 non
1102 1499 1181 1529 erat
1202 1489 1363 1540 repelle·

72 1554 124 1594 te.
153 1551 254 1591 Nam
282 1554 317 1592 &
338 1565 421 1604 quae
448 1551 578 1593 secuta
602 1551 710 1601 sunt,
738 1551 838 1591 hanc
867 1552 1125 1604 suspicionem
1150 1553 1360 1593 vehemen-

72 1621 130 1653 ter
151 1615 355 1656 affirmant.

126 1676 206 1717 XL.
247 1677 345 1718 Cum
371 1678 473 1717 enim
500 1678 701 1730 AEgyptius
731 1690 801 1728 per
822 1680 985 1718 Azotum
1017 1681 1051 1719 ἃ
1077 1680 1231 1730 Joppen
1260 1678 1360 1728 (ubi

71 1738 266 1787 ‚jonathan
280 1739 314 1778 ei
326 1769 337 1787 ,
352 1739 575 1787 Judaeorum
593 1740 671 1778 dux
684 1771 696 1786 ‚
714 1741 908 1783 occurrit}
934 1740 1166 1780 Ptolemaida
1180 1739 1361 1787 venisset,

71 1802 229 1842 firmatis
260 1804 433 1855 praefidio
461 1815 553 1854 quas
586 1801 824 1852 relinquebat
856 1802 1039 1851 urbibus,
1070 1803 1359 1853 propemodum

72 1864 291 1905 interfectus
318 1867 368 1905 est
386 1866 579 1906 Ammonii
597 1864 687 1905 dolo
702 1895 712 1914 ,
728 1866 792 1915 qui
818 1866 946 1904 omnia
970 1866 1075 1916 apud
1098 1865 1357 1905 Alexandrum

70 1935 233 1978 poterat.
260 1928 357 1979 Ergo
383 1941 449 1978 per
466 1927 591 1967 literas
619 1928 741 1978 petito
768 1927 815 1967 ad
843 1926 1072 1978 supplicium
1089 1959 1100 1977 ‚
1130 1940 1202 1967 nec
1223 1928 1360 1967 dedito

70 1988 277 2047 Ammonio
294 2021 307 2039 ‚
331 2003 514 2041 generum
538 1989 759 2029 infimulans
774 1990 955 2042 'conscium
978 1990 1178 2041 infidiarum
1196 1991 1232 2027 in
1253 2002 1357 2043 capnt

62 2050 304 2104 fhumficffl,
319 2064 408 2092 cum
432 2052 629 2092 Demetrio
654 2051 873 2090 societatem
897 2051 1183 2101 amicitiamque
1208 2052 1356 2102 pangit.

71 2110 251 2151 Habebat
272 2113 351 2161 jam
375 2113 415 2152 in
443 2113 630 2164 potestate
652 2119 773 2151 totam
803 2124 907 2150 oram
933 2112 1165 2151 maritimam
1181 2143 1191 2160 ‚
1215 2113 1262 2150 ad
1292 2113 1357 2151 Se-

72 2171 235 2212 leuciam
253 2167 389 2226 'usque
407 2205 419 2221 ,
449 2188 563 2225 quam
600 2184 862 2224 cognomento
889 2174 1050 2213 Pieriam
1078 2183 1230 2214 vocant.
1259 2174 1350 2212 inde

71 2234 334 2277 Antiochenos
348 2234 582 2285 sollicitans,
606 2238 641 2276 δε
667 2235 770 2287 ipsos
791 2234 1007 2275 Alexandro
1031 2238 1147 2276 iratos
1162 2268 1173 2282 ,
1200 2236 1250 2275 ob
1276 2235 1352 2274 sce-

69 2295 146 2336 lera
174 2299 368 2339 Ammonii
383 2330 392 2347 ‚
409 2300 448 2338 in
468 2307 594 2350 partes
616 2298 698 2338 suas
722 2297 892 2338 attrahit.
930 2299 1195 2339 Commodum
1221 2297 1354 2337 aberat

140 2424 162 2467 S
185 2419 1351 2468 XXXV111.D·10¹.ap.Vales.F11sebi1sTrogir’roi.35.Liv.

0 2483 9 2491 κ
75 2467 165 2511 Epit.
193 2467 310 2501 Juffin.
331 2480 394 2512 37,
410 2481 440 2501 2.
470 2455 1124 2512 SulpiicusSexerus.Jos'epli.13,8
1144 2465 1300 2498 Machab
1319 2476 1348 2504 ί,

74 2523 127 2547 10.
160 2496 878 2558 §XXX1X.J'101·21s1b·.Muhab.2',011ar.
