1673 3052
250 200 342 247 230
600 185 1167 237 TITILIVII

236 291 491 357 speclemur,
515 295 582 338 illc
595 329 612 348 ‚
636 297 708 354 qui
732 310 826 340 ante
844 296 894 356 fi
920 300 1106 358 captivos
1135 301 1324 360 captivus
1342 299 1427 362 ipfi
1447 299 1545 348 dch

247 368 392 412 libero>
424 369 535 413 vidit
549 397 563 421 ,
589 370 816 414 incolumes
839 385 976 416 tamen
1008 389 1075 417 cos
1106 372 1225 418 habet
1241 390 1258 418 .·
1277 391 1347 436 ego
1361 408 1374 430 ,
1395 377 1465 434 qui
1494 376 1545 420 de

238 441 322 485 illo
345 441 626 501 triumphavi,
650 442 703 485 ab
727 442 1056 500 alteriusfunere
1069 445 1161 503 filii
1187 463 1304 490 curru
1323 446 1368 490 itt
1388 446 1413 468 ³¹¹
1452 446 1477 468 ⁴*
1517 445 1545 469 '¹'

247 532 302 558 ex
325 516 533 573 Capitolio
544 532 673 575 prope
683 514 780 570 jam
800 517 1080 578 exspirantem
1093 520 1213 564 veni:
1236 538 1359 581 neque
1377 538 1431 565 ex
1448 535 1546 565 tan·-

245 603 292 633 ta
313 589 431 649 stirpe
452 589 623 635 liberam
634 591 843 657 ficperqst,
867 592 939 651 qui
959 592 1008 638 L.
1028 593 1202 637 AEmilie'
1230 594 1378 638 Paulli
1395 611 1546 639 nomm

239 661 369 725 ferat.
409 662 541 708 Duos
570 665 702 718 enim,
731 679 932 724 tanquam
959 683 1014 709 ex
1041 682 1198 725 magna
1220 667 1417 726 progenie
1443 668 1548 712 libe-

249 753 387 781 rorum
402 736 448 780 in
470 738 735 795 adoptionem
755 738 879 781 datos
894 767 908 792 ‚
933 737 1124 782 Cornelia
1144 734 1187 782 G*
1205 739 1342 782 Fabia
1354 755 1457 799 gens
1475 740 1550 784 ha-

250 809 376 863 bent;
405 809 553 854 Paulli
577 810 624 854 in
651 809 806 865 domo,
824 824 971 868 praeter
986 809 1066 868 fi,
1093 827 1213 854 nemo
1230 809 1422 877 ficperest.
1465 813 1555 858 Sed

250 882 361 927 hanc
381 885 537 928 cladem
564 884 714 927 domus
730 899 826 928 meae
842 882 967 948 vestra
979 881 1170 942 felicitas
1194 879 1435 945 &secunda
1446 883 1550 943 for-

251 973 356 1004 tuna
374 961 549 1019 publica
573 959 824 1019 consolatur.

316 1031 452 1077 XLII.
479 1031 616 1090 Haec,
636 1041 765 1077 tanto
787 1028 900 1075 dicta
928 1027 1107 1086 animo,
1128 1027 1269 1093 magis
1297 1027 1550 1076 confudere

249 1103 535 1151 audientium
555 1103 751 1159 animos,
773 1119 905 1167 quam
926 1102 953 1147 fi
971 1101 1282 1149 miserabiliter
1303 1102 1550 1150 orbitatem

251 1175 373 1223 suam
394 1177 604 1224 deflendo
633 1177 814 1224 locutus
836 1174 954 1223 effer.
975 1176 1063 1222 Cn.
1085 1176 1306 1223 Oilavius
1330 1175 1550 1224 Kalendis

250 1251 588 1299 Decembribus
619 1251 673 1298 de
705 1267 807 1314 rege
836 1249 996 1296 Perseo
1029 1249 1235 1297 navalem
1269 1249 1551 1312 triumphum

252 1323 362 1386 egit.
386 1327 423 1371 Is
443 1323 696 1388 triumphus
714 1324 802 1370 fine
824 1321 1019 1384 captivis
1035 1321 1137 1382 fuit,
1155 1321 1244 1369 fine
1265 1321 1433 1385 spoliis.
1454 1322 1551 1369 De-

254 1397 321 1444 ‹lit
338 1397 471 1446 sociis
490 1398 725 1446 navalibus
745 1397 792 1444 in
812 1395 1010 1460 fingulos
1028 1397 1237 1444 denarios
1254 1396 1553 1460 septuagenos

252 1470 448 1530 quinos3
483 1470 891 1536 gubernatoribus,
915 1470 993 1532 qui
1021 1469 1068 1515 in
1106 1469 1303 1518 navibus
1341 1469 1518 1529 fuerant
1537 1504 1553 1527 ‚

253 1542 450 1605 duplex3
472 1543 688 1607 magistris
708 1543 895 1590 navium
914 1541 1211 1607 quadruplex.
1232 1542 1416 1589 Senatus
1436 1541 1559 1588 dein-

254 1614 311 1662 cle
329 1616 504 1665 habitus
526 1616 600 1665 est.
622 1619 771 1664 Patres
790 1615 1057 1664 censuerunt
1073 1651 1086 1673 ‚
1105 1628 1154 1661 ut
1170 1616 1231 1674 Q.
1251 1614 1423 1661 Caffius
1443 1614 1553 1660 Per-

254 1689 323 1737 ‘sea
343 1708 494 1755 regem
520 1709 625 1740 cum
647 1691 911 1739 Alexandro
932 1689 1028 1738 filio
1052 1689 1214 1736 Albam
1235 1688 1280 1735 in
1305 1687 1554 1736 custodiam

255 1763 467 1820 duceret3
486 1764 700 1820 comites,
722 1763 960 1827 pecuniam
974 1800 991 1821 ,
1006 1774 1241 1826 argentum
1255 1797 1270 1820 ,
1285 1760 1554 1808 instrumen-

254 1835 351 1882 tuxh
379 1838 505 1895 quod
524 1838 724 1885 haberet.
747 1836 880 1894 Bitis,
901 1835 1016 1899 regis
1037 1835 1266 1882 Thracum
1286 1832 1403 1879 filius
1415 1869 1430 1892 ‚
1450 1849 1556 1882 cum

255 1907 486 1957 obsidibus
512 1910 557 1956 in
581 1907 832 1957 custo-[liam
862 1906 1105 1954 Carseolos
1137 1905 1198 1952 est
1227 1905 1391 1952 miss'us.
1415 1905 1555 1951 Cete-

256 1997 333 2027 ros
365 1983 600 2045 captivos,
621 1983 698 2046 qui
730 1982 775 2028 in
802 1981 1039 2044 triumpho
1067 1979 1185 2026 duffi
1215 1990 1368 2034 erant,
1389 1977 1434 2024 in
1455 1995 1558 2025 car-

256 2073 402 2102 cerem
437 2056 574 2103 condi
606 2055 790 2118 placuit.
825 2057 999 2101 Paucos
1024 2052 1124 2115 post
1151 2052 1243 2098 dies
1261 2089 1275 2109 ,
1295 2068 1428 2115 quam
1458 2052 1559 2099 haee

257 2127 347 2174 vela
365 2165 377 2182 ,
397 2127 530 2190 legati
559 2128 614 2174 ab
636 2128 796 2190 Cotye
816 2143 920 2190 rege
949 2125 1178 2171 Thracum
1202 2136 1447 2180 venerunt,
1474 2139 1557 2185 pe·-

255 2199 437 2247 cuniam
470 2199 523 2246 ad
552 2199 866 2246 redimendum
888 2197 1030 2244 filium
1062 2197 1262 2260 aliosque
1283 2196 1456 2242 obfides
1480 2212 1559 2258 ap-

257 2281 502 2333 portantes.
536 2271 636 2327 Eis,
658 2262 705 2318 in
733 2271 938 2317 {senatum
959 2268 1255 2327 introduffis,
1277 2268 1325 2315 &
1346 2267 1391 2313 id
1415 2266 1559 2330 ipsum

257 2342 507 2406 argumenti
538 2343 926 2405 praetendentibus
958 2341 1206 2397 orationis,
1236 2356 1331 2386 non
1362 2338 1435 2389 sua
1471 2355 1558 2385 vo·-

258 2418 427 2465 luntate
465 2419 628 2482 Cotyn
663 2419 789 2465 bello
827 2418 987 2479 juviss'e
1016 2417 1198 2475 Persea,
1224 2416 1349 2480 quod
1381 2415 1558 2462 obfides

258 2491 361 2539 (lare
398 2493 580 2542 coaetus
618 2492 749 2552 effet,
787 2490 1108 2558 orantibusque
1123 2526 1139 2551 ³
1170 2504 1219 2539 ut
1256 2505 1333 2539 eos
1374 2488 1522 2552 pretio
1537 2522 1555 2547 ,
