1673 3052
274 222 355 274 IN
401 221 578 273 LOC.
623 216 774 271 LIB.¹
811 219 983 268 XLVI
1038 218 1190 268 LIV.
1295 234 1387 287 259

94 330 243 385 *in'pace
255 327 344 372 vieti
358 325 409 370 ob
424 329 604 379 justitiam
622 328 924 379 gravitatemque
939 327 1041 366 haud
1053 324 1179 368 minus
1195 325 1387 370 amabant.

152 394 292 436 XLIII.
328 391 521 432 Funebres
541 391 688 442 parenti
712 389 823 429 ludos
844 391 893 439 Q.
915 392 950 430 Sc
968 390 1004 430 P.
1025 390 1219 431 IEmiliani
1242 391 1390 436 fecere:

95 449 449 508 quorum-alterum
476 455 518 492 in
546 453 727 501 Fabiam,
747 449 917 490 ‘alterum'
934 451 972 490 in
994 450 1213 491 Corneliam
1238 462 1395 503 gentem

96 519 340 570 adoptandos
366 516 537 556 dederat.
570 514 763 555 Heredem
792 522 996 564 utrumque
1024 513 1229 564 reliquerat
1254 523 1364 566 pater
1380 545 1392 565 ,

99 582 167 629 sed
195 581 235 621 P.
260 578 390 630 Scipio
419 580 498 628 jam
522 586 606 617 tum
635 576 676 616 in
709 589 752 615 ea
784 584 892 615 aetate
927 575 1153 626 generosum
1183 577 1397 617 monstrans

101 647 299 692 animum,
322 644 432 692 cujus
455 651 550 681 mox
573 638 692 693 gloria
718 632 1158 691 praecelluit,semiffem
1181 639 1292 678 suum
1318 640 1398 679 ‘fra-

98 710 151 748 'tri
177 708 222 749 C.
250 706 371 747 Fabio
397 706 563 755 adiecit,
586 705 691 756 quod
713 703 790 755 ipse
817 704 857 742 in
891 703 1072 742 ditiorem
1108 705 1271 743 domum
1307 705 1400 743 asci-

104 780 166 811 tus
182 801 193 819 ,
219 768 402 820 cupiebat
425 768 535 808 illum
564 767 762 815 familiaris
779 766 830 805 rei
847 766 968 817 copiis
992 765 1059 805 fibi
1077 768 1281 817 exaequari.
1313 767 1399 807 Nee

101 832 197 874 ideo
212 832 340 870 minus
365 831 407 869 in
420 829 580 870 edendis
597 824 871 880 gladiatoribus
885 858 896 876 ,
914 837 963 866 ne
979 826 1106 866 sumtu
1131 825 1249 866 frater
1264 827 1399 867 obrue=

103 903 236 940 retur,
262 889 465 932 dimidiam
488 892 571 940 ejus
593 899 764 942 partem,
781 890 829 928 ad
847 888 970 928 mil-lia
993 889 1199 928 nummum
1220 888 1401 938 quadrin=

107 965 248 1009 genta,
273 963 322 995 e‘x
348 949 413 994 sua
439 954 602 1013 pecunia
628 952 804 991 contulit.

179 1016 317 1060 XLIV.
350 1017 444 1056 Haec
469 1017 504 1055 Sc
529 1011 602 1054 alia
627 1014 868 1054 liberalitatis
895 1008 1127 1063 specimina,
1150 1024 1232 1063 quae
1257 1013 1297 1051 in
1324 1014 1405 1053 affi-

110 1082 226 1123 nibus
245 1082 281 1121 &
308 1088 428 1118 matre
453 1078 653 1126 ediderat,
674 1078 714 1116 in
735 1075 854 1123 urbe,
881 1074 949 1113 ubi
972 1075 999 1114 fi
1024 1074 1201 1117 nondum
1228 1075 1406 1122 avaritia,

111 1145 191 1193 jam
215 1136 444 1191 parsimonia
466 1149 603 1188 magna
633 1144 734 1186 erat,
761 1135 942 1175 laudibus
969 1137 1006 1175 ἃ
1033 1136 1286 1174 admiratione
1312 1136 1407 1175 ado—

110 1201 288 1244 lescentis
313 1200 444 1239 omnia
470 1197 724 1248 repleverunt.
761 1198 838 1247 Qui
868 1197 1081 1237 constanter
1106 1196 1294 1235 inhaerens
1319 1211 1410 1247 pro<-

115 1265 239 1318 posito
262 1264 353 1312 suo,
369 1261 485 1314 paulo
511 1261 594 1312 post
607 1261 718 1299 novis
735 1260 955 1298 rumoribus
977 1259 1147 1308 priorem
1170 1259 1316 1298 famam
1344 1273 1411 1299 au..

114 1327 194 1376 xit,
220 1339 310 1366 cum
334 1324 517 1364 defunc‘ta
540 1330 662 1363 matre
688 1322 862 1371 Papiria,
887 1333 967 1359 non
988 1322 1107 1361 modo
1137 1332 1184 1358 ex
1206 1321 1380 1359 universo
1397 1350 1410 1370 ,

115 1402 195 1440 quo
211 1401 295 1427 eam
310 1387 531 1432 donaverat,
546 1384 653 1424 cultu
678 1383 822 1434 recepit
841 1381 939 1422 nihil
955 1397 966 1431 3
989 1382 1054 1422 sed
1068 1413 1079 1431 ,
1094 1395 1312 1432 quanquam
1332 1382 1413 1432 ipse

116 1448 221 1489 solus
244 1447 356 1486 heres
383 1455 487 1493 erat,
512 1445 642 1484 omnia
665 1443 767 1484 bona
792 1452 962 1482 materna
980 1441 1170 1484 ‚conceffit
1195 1442 1413 1491 sororibus,

116 1511 171 1550 ‘ad
196 1517 288 1560 quas
313 1507 419 1548 nulla
444 1515 529 1558 pars
555 1505 779 1545 hereditatis
797 1512 950 1556 recepto
966 1505 1049 1554 jure
1069 1503 1299 1555 pertinebat.
1331 1504 1412 1545 Sub

118 1586 165 1614 ea
188 1581 363 1623 tempora
383 1571 512 1622 magni
535 1570 676 1610 laboris
701 1580 925 1620 magnaeque
947 1568 1060 1607 famae
1077 1581 1173 1618 opus
1196 1566 1328 1606 consul
1353 1568 1418 1607 M.

123 1629 317 1684 Cethegus
338 1633 521 1684 perfecit,
536 1628 697 1684 paludes
711 1631 934 1682 Pomptinas
952 1630 1193 1669 exiiccando.
1210 1629 1333 1669 Locus
1349 1628 1415 1667 ille

125 1695 223 1736 olim
247 1695 363 1734 trium
385 1697 422 1735 δε
446 1695 582 1746 viginti
606 1694 763 1734 urbium
790 1693 903 1733 fuiffe
929 1692 1106 1731 creditur.
1133 1691 1202 1730 ubi
1226 1698 1310 1729 tum.
1337 1689 1419 1729 ani·

125 1756 236 1796 moso
266 1761 409 1796 conatu
431 1752 601 1796 'consulis
628 1755 751 1796 fadus
775 1755 827 1794 est
859 1767 971 1806 ager,
996 1754 1083 1793 laeto
1112 1754 1231 1804 magis
1257 1751 1418 1803 praesens

127 1819 231 1860 tibus
247 1850 258 1870 ,
287 1832 404 1872 quam
431 1820 472 1859 in
496 1819 655 1870 longam
681 1819 943 1885 posteritatem.
972 1816 1163 1866 durabili,
1187 1814 1389 1855 beneficio.

179 1939 202 1981 S
236 1937 338 1974 XLII.
369 1938 472 1973 Diod.
494 1948 537 1984 ap
542 1936 684 1973 ..vales
715 1935 804 1972 Plut.
826 1934 861 1971 in
885 1937 1000 1971 AEmil.
1029 1945 1061 1970 e.
1084 1936 1136 1977 67.
1170 1933 1273 1968 Diod.
1389 1946 1428 1975 4⁸

136 1980 298 2030 §XLHL
321 1985 431 2019 Titul.
450 1953 559 2028 Adelp
563 1985 637 2017 hor.
660 1984 799 2017 Terent.
823 1984 925 2016 Diod.
942 1982 1107 2026 &Polyh.
1127 1992 1181 2024 ap.
1199 1945 1319 2013 Vales.3
1329 1946 1425 2012 Plut.

135 2032 183 2109 'gil
189 2026 315 2063 AEmil.
326 2042 355 2062 c.
369 2029 402 2063 6.
419 2033 441 2077 5
467 2029 588 2065 XLIV.
614 2029 716 2062 Diod.
738 2028 857 2074 Polyb
880 2028 960 2062 Liv.
977 2027 1067 2071 Epir.
1087 2027 1144 2067 46.
1167 2024 1351 2060 Mucianus
1367 2036 1423 2066 apa

177 2076 284 2110 mium
303 2086 334 2119 3,
353 2085 386 2118 9

1078 2574 1180 2624 R2
