<?xml version="1.0" encoding="UTF-8"?>
<!DOCTYPE html PUBLIC "-//W3C//DTD XHTML 1.0 Transitional//EN"
    "http://www.w3.org/TR/xhtml1/DTD/xhtml1-transitional.dtd">
<html xmlns="http://www.w3.org/1999/xhtml" xml:lang="en" lang="en">
 <head>
  <title>
</title>
<meta http-equiv="Content-Type" content="text/html;charset=utf-8" />
  <meta name='ocr-system' content='tesseract 3.04.00' />
  <meta name='ocr-capabilities' content='ocr_page ocr_carea ocr_par ocr_line ocrx_word'/>
</head>
<body>
  <div class='ocr_page' id='page_1' title='image "./historiarumlibri07livyuoft_0426.png"; bbox 0 0 1673 3052; ppageno 0'>
   <div class='ocr_carea' id='block_1_1' title="bbox 277 183 1474 251">
    <p class='ocr_par' dir='ltr' id='par_1_1' title="bbox 277 183 1474 251">
     <span class='ocr_line' id='line_1_1' title="bbox 277 183 1474 251; baseline -0.004 -12"><span class='ocrx_word' id='word_1_1' title='bbox 277 189 370 251; x_wconf 69' lang='lat'>418</span> <span class='ocrx_word' id='word_1_2' title='bbox 439 190 539 237; x_wconf 88' lang='lat' dir='ltr'>JO.</span> <span class='ocrx_word' id='word_1_3' title='bbox 577 183 1086 233; x_wconf 79' lang='lat' dir='ltr'>FREINSHEMII</span> <span class='ocrx_word' id='word_1_4' title='bbox 1121 185 1474 234; x_wconf 88' lang='lat' dir='ltr'><strong>SUPPLEM.</strong></span> 
     </span>
    </p>
   </div>
   <div class='ocr_carea' id='block_1_2' title="bbox 280 291 1572 662">
    <p class='ocr_par' dir='ltr' id='par_1_2' title="bbox 280 291 1572 662">
     <span class='ocr_line' id='line_1_2' title="bbox 282 291 1568 347; baseline -0.002 -11"><span class='ocrx_word' id='word_1_5' title='bbox 282 295 401 347; x_wconf 72' lang='lat' dir='ltr'>tliago</span> <span class='ocrx_word' id='word_1_6' title='bbox 425 307 474 334; x_wconf 78' lang='lat' dir='ltr'>ex</span> <span class='ocrx_word' id='word_1_7' title='bbox 499 301 582 334; x_wconf 89' lang='lat' dir='ltr'>toto</span> <span class='ocrx_word' id='word_1_8' title='bbox 607 293 701 332; x_wconf 83' lang='lat' dir='ltr'>orbe</span> <span class='ocrx_word' id='word_1_9' title='bbox 727 291 977 343; x_wconf 76' lang='lat' dir='ltr'>congesserat.</span> <span class='ocrx_word' id='word_1_10' title='bbox 995 292 1149 343; x_wconf 83' lang='lat' dir='ltr'>Argenti</span> <span class='ocrx_word' id='word_1_11' title='bbox 1173 291 1401 332; x_wconf 82' lang='lat' dir='ltr'>translatum</span> <span class='ocrx_word' id='word_1_12' title='bbox 1420 292 1568 344; x_wconf 75' lang='lat' dir='ltr'>reperi&#39;o</span> 
     </span>
     <span class='ocr_line' id='line_1_3' title="bbox 282 352 1572 408; baseline -0.003 -10"><span class='ocrx_word' id='word_1_13' title='bbox 282 367 415 408; x_wconf 81' lang='lat' dir='ltr'>quater</span> <span class='ocrx_word' id='word_1_14' title='bbox 435 354 592 394; x_wconf 74' lang='lat' dir='ltr'>millena</span> <span class='ocrx_word' id='word_1_15' title='bbox 617 354 894 404; x_wconf 76' lang='lat' dir='ltr'>quadringenta</span> <span class='ocrx_word' id='word_1_16' title='bbox 923 353 1167 403; x_wconf 77' lang='lat' dir='ltr'>septuaginta</span> <span class='ocrx_word' id='word_1_17' title='bbox 1189 352 1310 392; x_wconf 85' lang='lat' dir='ltr'>millia</span> <span class='ocrx_word' id='word_1_18' title='bbox 1328 354 1473 404; x_wconf 88' lang='lat' dir='ltr'>pondo.</span> <span class='ocrx_word' id='word_1_19' title='bbox 1490 354 1572 394; x_wconf 91' lang='lat' dir='ltr'>Du-</span> 
     </span>
     <span class='ocr_line' id='line_1_4' title="bbox 281 414 1571 467; baseline -0.003 -8"><span class='ocrx_word' id='word_1_20' title='bbox 281 421 338 459; x_wconf 68' lang='lat' dir='ltr'>xit</span> <span class='ocrx_word' id='word_1_21' title='bbox 358 426 446 459; x_wconf 86' lang='lat' dir='ltr'>ante</span> <span class='ocrx_word' id='word_1_22' title='bbox 471 429 624 456; x_wconf 87' lang='lat' dir='ltr'>currum</span> <span class='ocrx_word' id='word_1_23' title='bbox 649 417 748 455; x_wconf 88' lang='lat' dir='ltr'>inter</span> <span class='ocrx_word' id='word_1_24' title='bbox 774 416 870 455; x_wconf 79' lang='lat' dir='ltr'>alios</span> <span class='ocrx_word' id='word_1_25' title='bbox 894 414 1176 456; x_wconf 76' lang='lat' dir='ltr'>Hasdrubalem</span> <span class='ocrx_word' id='word_1_26' title='bbox 1201 417 1243 457; x_wconf 85' lang='lat'>-&amp;</span> <span class='ocrx_word' id='word_1_27' title='bbox 1272 415 1477 467; x_wconf 83' lang='lat' dir='ltr'>Bithyam,</span> <span class='ocrx_word' id='word_1_28' title='bbox 1504 416 1571 467; x_wconf 85' lang='lat' dir='ltr'>qui</span> 
     </span>
     <span class='ocr_line' id='line_1_5' title="bbox 280 477 1572 529; baseline -0.003 -7"><span class='ocrx_word' id='word_1_29' title='bbox 280 496 376 522; x_wconf 76' lang='lat' dir='ltr'>mox</span> <span class='ocrx_word' id='word_1_30' title='bbox 398 494 489 521; x_wconf 87' lang='lat' dir='ltr'>cum</span> <span class='ocrx_word' id='word_1_31' title='bbox 514 478 755 519; x_wconf 81' lang='lat' dir='ltr'>nobiliffimis</span> <span class='ocrx_word' id='word_1_32' title='bbox 781 479 1003 518; x_wconf 84' lang='lat' dir='ltr'>deditorum</span> <span class='ocrx_word' id='word_1_33' title='bbox 1032 489 1099 528; x_wconf 89' lang='lat' dir='ltr'>per</span> <span class='ocrx_word' id='word_1_34' title='bbox 1130 477 1486 529; x_wconf 75' lang='lat' dir='ltr'>Italiae-municipia</span> <span class='ocrx_word' id='word_1_35' title='bbox 1513 479 1572 518; x_wconf 83' lang='lat' dir='ltr'>di·</span> 
     </span>
     <span class='ocr_line' id='line_1_6' title="bbox 281 540 1571 593; baseline -0.004 -9"><span class='ocrx_word' id='word_1_36' title='bbox 281 544 428 584; x_wconf 81' lang='lat' dir='ltr'>stributi</span> <span class='ocrx_word' id='word_1_37' title='bbox 442 574 454 593; x_wconf 84' lang='lat'><strong>,</strong></span> <span class='ocrx_word' id='word_1_38' title='bbox 478 542 596 582; x_wconf 85' lang='lat' dir='ltr'>vitam</span> <span class='ocrx_word' id='word_1_39' title='bbox 620 542 660 579; x_wconf 91' lang='lat' dir='ltr'>in</span> <span class='ocrx_word' id='word_1_40' title='bbox 680 540 801 580; x_wconf 86' lang='lat' dir='ltr'>libera</span> <span class='ocrx_word' id='word_1_41' title='bbox 827 540 999 580; x_wconf 79' lang='lat' dir='ltr'>custodia</span> <span class='ocrx_word' id='word_1_42' title='bbox 1013 548 1234 590; x_wconf 85' lang='lat' dir='ltr'>exegerunt.</span> <span class='ocrx_word' id='word_1_43' title='bbox 1250 550 1468 580; x_wconf 81' lang='lat' dir='ltr'>ceterorum</span> <span class='ocrx_word' id='word_1_44' title='bbox 1483 552 1571 591; x_wconf 86' lang='lat' dir='ltr'>pars</span> 
     </span>
     <span class='ocr_line' id='line_1_7' title="bbox 285 603 1428 662; baseline -0.003 -15"><span class='ocrx_word' id='word_1_45' title='bbox 285 609 324 662; x_wconf 67' lang='lat' dir='ltr'>in</span> <span class='ocrx_word' id='word_1_46' title='bbox 350 608 569 648; x_wconf 82' lang='lat' dir='ltr'>servitutem</span> <span class='ocrx_word' id='word_1_47' title='bbox 589 606 767 647; x_wconf 85' lang='lat' dir='ltr'>vendita:</span> <span class='ocrx_word' id='word_1_48' title='bbox 795 604 924 656; x_wconf 90' lang='lat' dir='ltr'>plures</span> <span class='ocrx_word' id='word_1_49' title='bbox 947 604 988 642; x_wconf 91' lang='lat' dir='ltr'>in</span> <span class='ocrx_word' id='word_1_50' title='bbox 1014 616 1168 643; x_wconf 83' lang='lat' dir='ltr'>carcere</span> <span class='ocrx_word' id='word_1_51' title='bbox 1189 603 1428 646; x_wconf 81' lang='lat' dir='ltr'>interierunt.</span> 
     </span>
    </p>
   </div>
   <div class='ocr_carea' id='block_1_3' title="bbox 284 670 1581 2332">
    <p class='ocr_par' dir='ltr' id='par_1_3' title="bbox 284 670 1579 1656">
     <span class='ocr_line' id='line_1_8' title="bbox 338 670 1575 726; baseline -0.006 -9"><span class='ocrx_word' id='word_1_52' title='bbox 338 676 490 717; x_wconf 84' lang='lat' dir='ltr'><strong>XXIV.</strong></span> <span class='ocrx_word' id='word_1_53' title='bbox 520 676 625 716; x_wconf 89' lang='lat' dir='ltr'>Inter</span> <span class='ocrx_word' id='word_1_54' title='bbox 645 675 713 714; x_wconf 87' lang='lat' dir='ltr'>ista</span> <span class='ocrx_word' id='word_1_55' title='bbox 736 681 796 714; x_wconf 84' lang='lat' dir='ltr'>tot</span> <span class='ocrx_word' id='word_1_56' title='bbox 817 672 994 724; x_wconf 77' lang='lat' dir='ltr'>prospera</span> <span class='ocrx_word' id='word_1_57' title='bbox 1012 677 1111 726; x_wconf 84' lang='lat' dir='ltr'>(nec</span> <span class='ocrx_word' id='word_1_58' title='bbox 1132 672 1241 712; x_wconf 83' lang='lat' dir='ltr'>enim</span> <span class='ocrx_word' id='word_1_59' title='bbox 1257 671 1311 711; x_wconf 88' lang='lat' dir='ltr'>uti</span> <span class='ocrx_word' id='word_1_60' title='bbox 1334 670 1487 722; x_wconf 90' lang='lat' dir='ltr'>fingulis</span> <span class='ocrx_word' id='word_1_61' title='bbox 1504 671 1575 711; x_wconf 85' lang='lat' dir='ltr'>ho-</span> 
     </span>
     <span class='ocr_line' id='line_1_9' title="bbox 285 728 1575 789; baseline -0.005 -10"><span class='ocrx_word' id='word_1_62' title='bbox 285 739 478 787; x_wconf 73' lang='lat' dir='ltr'>minibus,</span> <span class='ocrx_word' id='word_1_63' title='bbox 499 738 551 777; x_wconf 90' lang='lat' dir='ltr'>ita</span> <span class='ocrx_word' id='word_1_64' title='bbox 576 728 730 789; x_wconf 83' lang='lat' dir='ltr'>populis</span> <span class='ocrx_word' id='word_1_65' title='bbox 757 734 1001 786; x_wconf 75' lang='lat' dir='ltr'>imperiisque</span> <span class='ocrx_word' id='word_1_66' title='bbox 1033 734 1110 774; x_wconf 80' lang='lat' dir='ltr'>ulla</span> <span class='ocrx_word' id='word_1_67' title='bbox 1135 734 1211 774; x_wconf 81' lang='lat' dir='ltr'>sine</span> <span class='ocrx_word' id='word_1_68' title='bbox 1242 735 1399 774; x_wconf 85' lang='lat' dir='ltr'>tristitiae</span> <span class='ocrx_word' id='word_1_69' title='bbox 1424 743 1575 785; x_wconf 84' lang='lat' dir='ltr'>tempe·</span> 
     </span>
     <span class='ocr_line' id='line_1_10' title="bbox 284 795 1573 847; baseline -0.005 -6"><span class='ocrx_word' id='word_1_70' title='bbox 284 812 461 841; x_wconf 75' lang='lat' dir='ltr'>ramento</span> <span class='ocrx_word' id='word_1_71' title='bbox 485 799 604 838; x_wconf 74' lang='lat' dir='ltr'>solida</span> <span class='ocrx_word' id='word_1_72' title='bbox 627 797 788 838; x_wconf 78' lang='lat' dir='ltr'>felicitas</span> <span class='ocrx_word' id='word_1_73' title='bbox 815 797 897 847; x_wconf 79' lang='lat' dir='ltr'>est)</span> <span class='ocrx_word' id='word_1_74' title='bbox 925 809 984 835; x_wconf 85' lang='lat' dir='ltr'>res</span> <span class='ocrx_word' id='word_1_75' title='bbox 1008 796 1046 835; x_wconf 90' lang='lat' dir='ltr'>in</span> <span class='ocrx_word' id='word_1_76' title='bbox 1072 796 1258 847; x_wconf 79' lang='lat' dir='ltr'>Hispania</span> <span class='ocrx_word' id='word_1_77' title='bbox 1285 808 1364 835; x_wconf 89' lang='lat' dir='ltr'>non</span> <span class='ocrx_word' id='word_1_78' title='bbox 1395 795 1573 835; x_wconf 86' lang='lat' dir='ltr'>difficiles</span> 
     </span>
     <span class='ocr_line' id='line_1_11' title="bbox 287 858 1574 910; baseline -0.005 -5"><span class='ocrx_word' id='word_1_79' title='bbox 287 866 406 905; x_wconf 85' lang='lat' dir='ltr'>modo</span> <span class='ocrx_word' id='word_1_80' title='bbox 431 873 560 910; x_wconf 86' lang='lat' dir='ltr'>erant,</span> <span class='ocrx_word' id='word_1_81' title='bbox 585 862 651 901; x_wconf 87' lang='lat' dir='ltr'>sed</span> <span class='ocrx_word' id='word_1_82' title='bbox 676 861 791 899; x_wconf 74' lang='lat' dir='ltr'>etiam</span> <span class='ocrx_word' id='word_1_83' title='bbox 824 860 944 909; x_wconf 72' lang='lat' dir='ltr'>magis</span> <span class='ocrx_word' id='word_1_84' title='bbox 972 872 1017 898; x_wconf 74' lang='lat' dir='ltr'>ac</span> <span class='ocrx_word' id='word_1_85' title='bbox 1042 860 1164 908; x_wconf 77' lang='lat' dir='ltr'>magis</span> <span class='ocrx_word' id='word_1_86' title='bbox 1190 858 1353 900; x_wconf 82' lang='lat' dir='ltr'>adversae</span> <span class='ocrx_word' id='word_1_87' title='bbox 1384 859 1574 908; x_wconf 85' lang='lat' dir='ltr'>duraeque.</span> 
     </span>
     <span class='ocr_line' id='line_1_12' title="bbox 288 918 1575 977; baseline -0.005 -12"><span class='ocrx_word' id='word_1_88' title='bbox 288 927 504 977; x_wconf 65' lang='lat' dir='ltr'>Praecipuus</span> <span class='ocrx_word' id='word_1_89' title='bbox 540 924 594 962; x_wconf 86' lang='lat' dir='ltr'>ibi</span> <span class='ocrx_word' id='word_1_90' title='bbox 633 923 900 963; x_wconf 83' lang='lat' dir='ltr'>Romanorum</span> <span class='ocrx_word' id='word_1_91' title='bbox 937 922 1176 960; x_wconf 82' lang='lat' dir='ltr'>exercituum</span> <span class='ocrx_word' id='word_1_92' title='bbox 1219 929 1338 960; x_wconf 86' lang='lat' dir='ltr'>terror</span> <span class='ocrx_word' id='word_1_93' title='bbox 1380 918 1575 959; x_wconf 75' lang='lat' dir='ltr'>Viriathus</span> 
     </span>
     <span class='ocr_line' id='line_1_13' title="bbox 290 981 1576 1037; baseline -0.006 -8"><span class='ocrx_word' id='word_1_94' title='bbox 290 997 391 1037; x_wconf 84' lang='lat' dir='ltr'>erat,</span> <span class='ocrx_word' id='word_1_95' title='bbox 415 1001 463 1028; x_wconf 77' lang='lat' dir='ltr'>ex</span> <span class='ocrx_word' id='word_1_96' title='bbox 488 986 701 1028; x_wconf 83' lang='lat' dir='ltr'>humilibus</span> <span class='ocrx_word' id='word_1_97' title='bbox 732 984 851 1024; x_wconf 82' lang='lat' dir='ltr'>initiis</span> <span class='ocrx_word' id='word_1_98' title='bbox 881 984 930 1023; x_wconf 82' lang='lat' dir='ltr'>ad</span> <span class='ocrx_word' id='word_1_99' title='bbox 951 984 1145 1034; x_wconf 84' lang='lat' dir='ltr'>ingentem</span> <span class='ocrx_word' id='word_1_100' title='bbox 1173 982 1388 1033; x_wconf 84' lang='lat' dir='ltr'>potentiam</span> <span class='ocrx_word' id='word_1_101' title='bbox 1411 981 1576 1022; x_wconf 81' lang='lat' dir='ltr'>famam-</span> 
     </span>
     <span class='ocr_line' id='line_1_14' title="bbox 289 1045 1573 1104; baseline -0.007 -12"><span class='ocrx_word' id='word_1_102' title='bbox 289 1066 363 1104; x_wconf 88' lang='lat' dir='ltr'>que</span> <span class='ocrx_word' id='word_1_103' title='bbox 388 1051 601 1103; x_wconf 60' lang='lat' dir='ltr'>proveffihis.</span> <span class='ocrx_word' id='word_1_104' title='bbox 625 1049 725 1088; x_wconf 83' lang='lat' dir='ltr'>Nam</span> <span class='ocrx_word' id='word_1_105' title='bbox 748 1059 797 1086; x_wconf 83' lang='lat' dir='ltr'>ex</span> <span class='ocrx_word' id='word_1_106' title='bbox 823 1046 968 1097; x_wconf 78' lang='lat' dir='ltr'>pastore</span> <span class='ocrx_word' id='word_1_107' title='bbox 988 1055 1168 1094; x_wconf 75' lang='lat' dir='ltr'>venator,</span> <span class='ocrx_word' id='word_1_108' title='bbox 1192 1058 1236 1084; x_wconf 82' lang='lat' dir='ltr'>ex</span> <span class='ocrx_word' id='word_1_109' title='bbox 1250 1053 1430 1084; x_wconf 82' lang='lat' dir='ltr'>venatore</span> <span class='ocrx_word' id='word_1_110' title='bbox 1452 1045 1573 1095; x_wconf 82' lang='lat' dir='ltr'>latro,</span> 
     </span>
     <span class='ocr_line' id='line_1_15' title="bbox 291 1105 1576 1161; baseline -0.006 -8"><span class='ocrx_word' id='word_1_111' title='bbox 291 1127 382 1153; x_wconf 87' lang='lat' dir='ltr'>cum</span> <span class='ocrx_word' id='word_1_112' title='bbox 408 1116 442 1152; x_wconf 62' lang='grc' dir='ltr'>ἃ</span> <span class='ocrx_word' id='word_1_113' title='bbox 464 1112 622 1151; x_wconf 77' lang='lat' dir='ltr'>audacia</span> <span class='ocrx_word' id='word_1_114' title='bbox 645 1110 908 1161; x_wconf 79' lang='lat' dir='ltr'>patientiaque</span> <span class='ocrx_word' id='word_1_115' title='bbox 930 1109 979 1146; x_wconf 82' lang='lat' dir='ltr'>ad</span> <span class='ocrx_word' id='word_1_116' title='bbox 1008 1120 1142 1146; x_wconf 88' lang='lat' dir='ltr'>omnes</span> <span class='ocrx_word' id='word_1_117' title='bbox 1170 1105 1262 1152; x_wconf 80' lang='lat' dir='ltr'>belli</span> <span class='ocrx_word' id='word_1_118' title='bbox 1286 1106 1439 1146; x_wconf 81' lang='lat' dir='ltr'>iabores</span> <span class='ocrx_word' id='word_1_119' title='bbox 1465 1109 1576 1147; x_wconf 84' lang='lat' dir='ltr'>dura-</span> 
     </span>
     <span class='ocr_line' id='line_1_16' title="bbox 290 1168 1572 1222; baseline -0.006 -7"><span class='ocrx_word' id='word_1_120' title='bbox 290 1183 377 1222; x_wconf 88' lang='lat' dir='ltr'>tus,</span> <span class='ocrx_word' id='word_1_121' title='bbox 401 1177 436 1215; x_wconf 84' lang='lat'>&amp;</span> <span class='ocrx_word' id='word_1_122' title='bbox 469 1186 556 1212; x_wconf 90' lang='lat' dir='ltr'>cum</span> <span class='ocrx_word' id='word_1_123' title='bbox 590 1171 868 1212; x_wconf 80' lang='lat' dir='ltr'>accuratissima</span> <span class='ocrx_word' id='word_1_124' title='bbox 901 1169 1038 1208; x_wconf 84' lang='lat' dir='ltr'>notitia</span> <span class='ocrx_word' id='word_1_125' title='bbox 1068 1168 1268 1217; x_wconf 84' lang='lat' dir='ltr'>locorum,</span> <span class='ocrx_word' id='word_1_126' title='bbox 1303 1169 1572 1218; x_wconf 80' lang='lat' dir='ltr'>pernicitatem</span> 
     </span>
     <span class='ocr_line' id='line_1_17' title="bbox 290 1226 1574 1286; baseline -0.007 -11"><span class='ocrx_word' id='word_1_127' title='bbox 290 1236 464 1286; x_wconf 71' lang='lat' dir='ltr'>viresque</span> <span class='ocrx_word' id='word_1_128' title='bbox 488 1233 658 1284; x_wconf 87' lang='lat' dir='ltr'>corporis</span> <span class='ocrx_word' id='word_1_129' title='bbox 683 1232 840 1272; x_wconf 78' lang='lat' dir='ltr'>eximias</span> <span class='ocrx_word' id='word_1_130' title='bbox 866 1229 1092 1268; x_wconf 87' lang='lat' dir='ltr'>consecutus</span> <span class='ocrx_word' id='word_1_131' title='bbox 1119 1227 1238 1272; x_wconf 73' lang='lat' dir='ltr'>esset,</span> <span class='ocrx_word' id='word_1_132' title='bbox 1263 1226 1346 1276; x_wconf 87' lang='lat' dir='ltr'>post</span> <span class='ocrx_word' id='word_1_133' title='bbox 1377 1226 1507 1266; x_wconf 68' lang='lat' dir='ltr'>Galbae</span> <span class='ocrx_word' id='word_1_134' title='bbox 1533 1229 1574 1266; x_wconf 89' lang='lat' dir='ltr'>in</span> 
     </span>
     <span class='ocr_line' id='line_1_18' title="bbox 291 1287 1575 1343; baseline -0.012 -4"><span class='ocrx_word' id='word_1_135' title='bbox 291 1298 488 1339; x_wconf 75' lang='lat' dir='ltr'>Lusitanos</span> <span class='ocrx_word' id='word_1_136' title='bbox 511 1296 683 1342; x_wconf 78' lang='lat' dir='ltr'>facinus,</span> <span class='ocrx_word' id='word_1_137' title='bbox 701 1293 805 1343; x_wconf 87' lang='lat' dir='ltr'>quod</span> <span class='ocrx_word' id='word_1_138' title='bbox 823 1291 901 1341; x_wconf 88' lang='lat' dir='ltr'>ipse</span> <span class='ocrx_word' id='word_1_139' title='bbox 921 1290 1134 1341; x_wconf 83' lang='lat' dir='ltr'>periculum</span> <span class='ocrx_word' id='word_1_140' title='bbox 1161 1290 1238 1328; x_wconf 82' lang='lat' dir='ltr'>astu</span> <span class='ocrx_word' id='word_1_141' title='bbox 1262 1292 1295 1328; x_wconf 67' lang='grc' dir='ltr'>ὁὶ</span> <span class='ocrx_word' id='word_1_142' title='bbox 1322 1288 1460 1327; x_wconf 84' lang='lat' dir='ltr'>robore</span> <span class='ocrx_word' id='word_1_143' title='bbox 1482 1287 1575 1328; x_wconf 87' lang='lat' dir='ltr'>effu.</span> 
     </span>
     <span class='ocr_line' id='line_1_19' title="bbox 294 1348 1577 1409; baseline -0.005 -12"><span class='ocrx_word' id='word_1_144' title='bbox 294 1366 418 1409; x_wconf 79' lang='lat' dir='ltr'>gerat,</span> <span class='ocrx_word' id='word_1_145' title='bbox 436 1356 652 1404; x_wconf 77' lang='lat' dir='ltr'>hominum,</span> <span class='ocrx_word' id='word_1_146' title='bbox 667 1353 807 1404; x_wconf 85' lang='lat' dir='ltr'>quibus</span> <span class='ocrx_word' id='word_1_147' title='bbox 823 1364 947 1400; x_wconf 86' lang='lat' dir='ltr'>neque</span> <span class='ocrx_word' id='word_1_148' title='bbox 970 1362 1027 1388; x_wconf 90' lang='lat' dir='ltr'>res</span> <span class='ocrx_word' id='word_1_149' title='bbox 1039 1381 1049 1398; x_wconf 79' lang='lat'>,</span> <span class='ocrx_word' id='word_1_150' title='bbox 1063 1361 1188 1400; x_wconf 73' lang='lat' dir='ltr'>neque</span> <span class='ocrx_word' id='word_1_151' title='bbox 1201 1348 1284 1399; x_wconf 84' lang='lat' dir='ltr'>spes</span> <span class='ocrx_word' id='word_1_152' title='bbox 1301 1359 1403 1389; x_wconf 81' lang='lat' dir='ltr'>certa</span> <span class='ocrx_word' id='word_1_153' title='bbox 1419 1350 1577 1401; x_wconf 83' lang='lat' dir='ltr'>usquam</span> 
     </span>
     <span class='ocr_line' id='line_1_20' title="bbox 294 1411 1579 1469; baseline -0.006 -9"><span class='ocrx_word' id='word_1_154' title='bbox 294 1433 399 1469; x_wconf 80' lang='lat' dir='ltr'>erat,</span> <span class='ocrx_word' id='word_1_155' title='bbox 430 1431 544 1458; x_wconf 79' lang='lat' dir='ltr'>manu</span> <span class='ocrx_word' id='word_1_156' title='bbox 569 1415 731 1456; x_wconf 61' lang='lat' dir='ltr'>coneda</span> <span class='ocrx_word' id='word_1_157' title='bbox 746 1445 757 1463; x_wconf 80' lang='lat'>,</span> <span class='ocrx_word' id='word_1_158' title='bbox 778 1413 900 1453; x_wconf 77' lang='lat' dir='ltr'>multa</span> <span class='ocrx_word' id='word_1_159' title='bbox 922 1412 1085 1451; x_wconf 82' lang='lat' dir='ltr'>feliciter</span> <span class='ocrx_word' id='word_1_160' title='bbox 1112 1411 1292 1450; x_wconf 80' lang='lat' dir='ltr'>audendo</span> <span class='ocrx_word' id='word_1_161' title='bbox 1317 1412 1438 1462; x_wconf 87' lang='lat' dir='ltr'>coepit</span> <span class='ocrx_word' id='word_1_162' title='bbox 1453 1412 1579 1452; x_wconf 79' lang='lat' dir='ltr'>incla-</span> 
     </span>
     <span class='ocr_line' id='line_1_21' title="bbox 293 1473 1577 1526; baseline -0.006 -4"><span class='ocrx_word' id='word_1_163' title='bbox 293 1483 464 1522; x_wconf 83' lang='lat' dir='ltr'>rescere:</span> <span class='ocrx_word' id='word_1_164' title='bbox 494 1481 641 1526; x_wconf 81' lang='lat' dir='ltr'>donec,</span> <span class='ocrx_word' id='word_1_165' title='bbox 670 1476 955 1516; x_wconf 80' lang='lat' dir='ltr'>confluentibus</span> <span class='ocrx_word' id='word_1_166' title='bbox 983 1476 1032 1514; x_wconf 78' lang='lat' dir='ltr'>ad</span> <span class='ocrx_word' id='word_1_167' title='bbox 1061 1487 1149 1514; x_wconf 89' lang='lat' dir='ltr'>eum</span> <span class='ocrx_word' id='word_1_168' title='bbox 1179 1474 1352 1524; x_wconf 83' lang='lat' dir='ltr'>quotidie</span> <span class='ocrx_word' id='word_1_169' title='bbox 1378 1473 1577 1524; x_wconf 77' lang='lat' dir='ltr'>plurimis,</span> 
     </span>
     <span class='ocr_line' id='line_1_22' title="bbox 297 1537 1577 1594; baseline -0.006 -11"><span class='ocrx_word' id='word_1_170' title='bbox 297 1544 382 1594; x_wconf 81' lang='lat' dir='ltr'>justi</span> <span class='ocrx_word' id='word_1_171' title='bbox 399 1545 477 1592; x_wconf 75' lang='lat' dir='ltr'>jani</span> <span class='ocrx_word' id='word_1_172' title='bbox 495 1541 682 1581; x_wconf 73' lang='lat' dir='ltr'>exereitus</span> <span class='ocrx_word' id='word_1_173' title='bbox 711 1540 870 1586; x_wconf 59' lang='lat' dir='ltr'>duetor,</span> <span class='ocrx_word' id='word_1_174' title='bbox 888 1537 1003 1575; x_wconf 84' lang='lat' dir='ltr'>castra</span> <span class='ocrx_word' id='word_1_175' title='bbox 1029 1537 1067 1575; x_wconf 84' lang='lat' dir='ltr'>in</span> <span class='ocrx_word' id='word_1_176' title='bbox 1091 1544 1223 1586; x_wconf 73' lang='lat' dir='ltr'>aperto</span> <span class='ocrx_word' id='word_1_177' title='bbox 1251 1547 1419 1585; x_wconf 81' lang='lat' dir='ltr'>ponere,</span> <span class='ocrx_word' id='word_1_178' title='bbox 1435 1537 1470 1575; x_wconf 69' lang='grc' dir='ltr'>ἅ</span> <span class='ocrx_word' id='word_1_179' title='bbox 1488 1548 1577 1576; x_wconf 89' lang='lat' dir='ltr'>eum</span> 
     </span>
     <span class='ocr_line' id='line_1_23' title="bbox 297 1595 1400 1656; baseline -0.005 -13"><span class='ocrx_word' id='word_1_180' title='bbox 297 1604 433 1656; x_wconf 84' lang='lat' dir='ltr'>populi</span> <span class='ocrx_word' id='word_1_181' title='bbox 452 1602 617 1643; x_wconf 79' lang='lat' dir='ltr'>Romani</span> <span class='ocrx_word' id='word_1_182' title='bbox 639 1599 864 1651; x_wconf 71' lang='lat' dir='ltr'>praetoribus</span> <span class='ocrx_word' id='word_1_183' title='bbox 887 1599 969 1638; x_wconf 77' lang='lat' dir='ltr'>acie</span> <span class='ocrx_word' id='word_1_184' title='bbox 993 1598 1177 1648; x_wconf 85' lang='lat' dir='ltr'>congredi</span> <span class='ocrx_word' id='word_1_185' title='bbox 1204 1595 1314 1636; x_wconf 71' lang='lat' dir='ltr'>ausus</span> <span class='ocrx_word' id='word_1_186' title='bbox 1337 1597 1400 1638; x_wconf 88' lang='lat' dir='ltr'>est.</span> 
     </span>
    </p>

    <p class='ocr_par' dir='ltr' id='par_1_4' title="bbox 294 1658 1581 2272">
     <span class='ocr_line' id='line_1_24' title="bbox 363 1658 1578 1712; baseline -0.006 -6"><span class='ocrx_word' id='word_1_187' title='bbox 363 1666 491 1706; x_wconf 76' lang='lat' dir='ltr'><strong>XXV.</strong></span> <span class='ocrx_word' id='word_1_188' title='bbox 524 1665 668 1704; x_wconf 86' lang='lat' dir='ltr'>Primus</span> <span class='ocrx_word' id='word_1_189' title='bbox 697 1675 828 1700; x_wconf 83' lang='lat' dir='ltr'>eorum</span> <span class='ocrx_word' id='word_1_190' title='bbox 861 1662 901 1701; x_wconf 87' lang='lat' dir='ltr'>C.</span> <span class='ocrx_word' id='word_1_191' title='bbox 929 1660 1089 1700; x_wconf 79' lang='lat' dir='ltr'>Vetilius</span> <span class='ocrx_word' id='word_1_192' title='bbox 1116 1658 1264 1712; x_wconf 70' lang='lat' dir='ltr'>collatis</span> <span class='ocrx_word' id='word_1_193' title='bbox 1294 1659 1405 1709; x_wconf 74' lang='lat' dir='ltr'>signis</span> <span class='ocrx_word' id='word_1_194' title='bbox 1431 1658 1578 1709; x_wconf 62' lang='lat' dir='ltr'>victus,</span> 
     </span>
     <span class='ocr_line' id='line_1_25' title="bbox 299 1719 1575 1778; baseline -0.005 -10"><span class='ocrx_word' id='word_1_195' title='bbox 299 1732 360 1778; x_wconf 63' lang='grc' dir='ltr'>ἅ,</span> <span class='ocrx_word' id='word_1_196' title='bbox 382 1740 470 1767; x_wconf 88' lang='lat' dir='ltr'>cum</span> <span class='ocrx_word' id='word_1_197' title='bbox 496 1727 533 1765; x_wconf 85' lang='lat' dir='ltr'>in</span> <span class='ocrx_word' id='word_1_198' title='bbox 563 1725 789 1777; x_wconf 84' lang='lat' dir='ltr'>potestatem</span> <span class='ocrx_word' id='word_1_199' title='bbox 812 1723 975 1762; x_wconf 86' lang='lat' dir='ltr'>hostium</span> <span class='ocrx_word' id='word_1_200' title='bbox 1001 1719 1247 1772; x_wconf 70' lang='lat' dir='ltr'>pervenisset,</span> <span class='ocrx_word' id='word_1_201' title='bbox 1270 1720 1491 1760; x_wconf 71' lang='lat' dir='ltr'>interfectus</span> <span class='ocrx_word' id='word_1_202' title='bbox 1512 1721 1575 1761; x_wconf 84' lang='lat' dir='ltr'>est.</span> 
     </span>
     <span class='ocr_line' id='line_1_26' title="bbox 297 1782 1580 1836; baseline -0.006 -6"><span class='ocrx_word' id='word_1_203' title='bbox 297 1791 372 1830; x_wconf 69' lang='lat' dir='ltr'>Res</span> <span class='ocrx_word' id='word_1_204' title='bbox 394 1790 441 1828; x_wconf 85' lang='lat' dir='ltr'>ad</span> <span class='ocrx_word' id='word_1_205' title='bbox 466 1788 570 1827; x_wconf 84' lang='lat' dir='ltr'>hunc</span> <span class='ocrx_word' id='word_1_206' title='bbox 591 1787 752 1826; x_wconf 89' lang='lat' dir='ltr'>modum</span> <span class='ocrx_word' id='word_1_207' title='bbox 777 1785 877 1836; x_wconf 80' lang='lat' dir='ltr'>gesta</span> <span class='ocrx_word' id='word_1_208' title='bbox 897 1784 1070 1824; x_wconf 83' lang='lat' dir='ltr'>traditur.</span> <span class='ocrx_word' id='word_1_209' title='bbox 1107 1782 1382 1823; x_wconf 83' lang='lat' dir='ltr'>Turdetaniam</span> <span class='ocrx_word' id='word_1_210' title='bbox 1413 1782 1580 1822; x_wconf 84' lang='lat' dir='ltr'>vastabat</span> 
     </span>
     <span class='ocr_line' id='line_1_27' title="bbox 294 1844 1578 1897; baseline -0.005 -6"><span class='ocrx_word' id='word_1_211' title='bbox 294 1852 563 1893; x_wconf 69' lang='lat' dir='ltr'>Lusitanorum</span> <span class='ocrx_word' id='word_1_212' title='bbox 590 1850 801 1897; x_wconf 83' lang='lat' dir='ltr'>exercitus,</span> <span class='ocrx_word' id='word_1_213' title='bbox 828 1848 875 1887; x_wconf 71' lang='lat' dir='ltr'>ad</span> <span class='ocrx_word' id='word_1_214' title='bbox 900 1846 1103 1886; x_wconf 80' lang='lat' dir='ltr'>hominum</span> <span class='ocrx_word' id='word_1_215' title='bbox 1125 1844 1244 1884; x_wconf 82' lang='lat' dir='ltr'>millia</span> <span class='ocrx_word' id='word_1_216' title='bbox 1269 1845 1418 1886; x_wconf 73' lang='lat' dir='ltr'>deceni.</span> <span class='ocrx_word' id='word_1_217' title='bbox 1442 1845 1486 1885; x_wconf 82' lang='lat' dir='ltr'>In</span> <span class='ocrx_word' id='word_1_218' title='bbox 1506 1844 1578 1885; x_wconf 87' lang='lat' dir='ltr'>hos</span> 
     </span>
     <span class='ocr_line' id='line_1_28' title="bbox 299 1905 1580 1961; baseline -0.005 -9"><span class='ocrx_word' id='word_1_219' title='bbox 299 1924 430 1952; x_wconf 68' lang='lat' dir='ltr'>recens</span> <span class='ocrx_word' id='word_1_220' title='bbox 454 1911 575 1950; x_wconf 78' lang='lat' dir='ltr'>Roma</span> <span class='ocrx_word' id='word_1_221' title='bbox 599 1909 762 1961; x_wconf 69' lang='lat' dir='ltr'>egressus</span> <span class='ocrx_word' id='word_1_222' title='bbox 787 1921 874 1947; x_wconf 87' lang='lat' dir='ltr'>cum</span> <span class='ocrx_word' id='word_1_223' title='bbox 900 1907 1167 1959; x_wconf 86' lang='lat' dir='ltr'>supplemento</span> <span class='ocrx_word' id='word_1_224' title='bbox 1188 1907 1227 1946; x_wconf 91' lang='lat' dir='ltr'>C.</span> <span class='ocrx_word' id='word_1_225' title='bbox 1245 1906 1427 1953; x_wconf 77' lang='lat' dir='ltr'>Vetilius,</span> <span class='ocrx_word' id='word_1_226' title='bbox 1445 1905 1580 1946; x_wconf 74' lang='lat' dir='ltr'>assum·</span> 
     </span>
     <span class='ocr_line' id='line_1_29' title="bbox 298 1968 1580 2023; baseline -0.005 -8"><span class='ocrx_word' id='word_1_227' title='bbox 298 1976 346 2015; x_wconf 60' lang='lat' dir='ltr'>tis</span> <span class='ocrx_word' id='word_1_228' title='bbox 364 1975 552 2013; x_wconf 80' lang='lat' dir='ltr'>veteribus</span> <span class='ocrx_word' id='word_1_229' title='bbox 574 1974 695 2023; x_wconf 80' lang='lat' dir='ltr'>copiis</span> <span class='ocrx_word' id='word_1_230' title='bbox 710 2003 720 2021; x_wconf 87' lang='lat'>,</span> <span class='ocrx_word' id='word_1_231' title='bbox 735 1972 882 2011; x_wconf 87' lang='lat' dir='ltr'>strenue</span> <span class='ocrx_word' id='word_1_232' title='bbox 905 1970 1047 2010; x_wconf 83' lang='lat' dir='ltr'>movit:</span> <span class='ocrx_word' id='word_1_233' title='bbox 1075 1968 1311 2020; x_wconf 84' lang='lat' dir='ltr'>adeptusque</span> <span class='ocrx_word' id='word_1_234' title='bbox 1327 1969 1552 2019; x_wconf 78' lang='lat' dir='ltr'>pabulantes</span> <span class='ocrx_word' id='word_1_235' title='bbox 1567 1999 1580 2020; x_wconf 88' lang='lat'><strong>,</strong></span> 
     </span>
     <span class='ocr_line' id='line_1_30' title="bbox 299 2032 1579 2087; baseline -0.003 -11"><span class='ocrx_word' id='word_1_236' title='bbox 299 2048 443 2087; x_wconf 68' lang='lat' dir='ltr'>,magno</span> <span class='ocrx_word' id='word_1_237' title='bbox 471 2037 672 2074; x_wconf 62' lang='lat' dir='ltr'>interfecio</span> <span class='ocrx_word' id='word_1_238' title='bbox 696 2047 856 2073; x_wconf 84' lang='lat' dir='ltr'>numero</span> <span class='ocrx_word' id='word_1_239' title='bbox 871 2065 881 2082; x_wconf 90' lang='lat'>‚</span> <span class='ocrx_word' id='word_1_240' title='bbox 906 2043 1052 2072; x_wconf 83' lang='lat' dir='ltr'>ceteros</span> <span class='ocrx_word' id='word_1_241' title='bbox 1072 2033 1110 2070; x_wconf 87' lang='lat' dir='ltr'>in</span> <span class='ocrx_word' id='word_1_242' title='bbox 1132 2032 1261 2071; x_wconf 90' lang='lat' dir='ltr'>locum</span> <span class='ocrx_word' id='word_1_243' title='bbox 1283 2032 1379 2070; x_wconf 86' lang='lat' dir='ltr'>adeo</span> <span class='ocrx_word' id='word_1_244' title='bbox 1403 2032 1579 2082; x_wconf 89' lang='lat' dir='ltr'>iniquum</span> 
     </span>
     <span class='ocr_line' id='line_1_31' title="bbox 301 2091 1581 2149; baseline -0.009 -10"><span class='ocrx_word' id='word_1_245' title='bbox 301 2098 513 2149; x_wconf 71' lang='lat' dir='ltr'>compulit,</span> <span class='ocrx_word' id='word_1_246' title='bbox 537 2108 577 2136; x_wconf 92' lang='lat' dir='ltr'>ut</span> <span class='ocrx_word' id='word_1_247' title='bbox 603 2096 847 2135; x_wconf 76' lang='lat' dir='ltr'>manentibus</span> <span class='ocrx_word' id='word_1_248' title='bbox 870 2110 889 2134; x_wconf 85' lang='lat' dir='ltr'>a</span> <span class='ocrx_word' id='word_1_249' title='bbox 909 2095 1032 2142; x_wconf 78' lang='lat' dir='ltr'>fame,</span> <span class='ocrx_word' id='word_1_250' title='bbox 1048 2093 1276 2133; x_wconf 74' lang='lat' dir='ltr'>abeuntibus</span> <span class='ocrx_word' id='word_1_251' title='bbox 1297 2093 1345 2131; x_wconf 78' lang='lat' dir='ltr'>ab</span> <span class='ocrx_word' id='word_1_252' title='bbox 1370 2091 1476 2132; x_wconf 88' lang='lat' dir='ltr'>hoste</span> <span class='ocrx_word' id='word_1_253' title='bbox 1502 2105 1581 2133; x_wconf 87' lang='lat' dir='ltr'>cer.</span> 
     </span>
     <span class='ocr_line' id='line_1_32' title="bbox 302 2154 1581 2211; baseline -0.007 -11"><span class='ocrx_word' id='word_1_254' title='bbox 302 2161 440 2202; x_wconf 80' lang='lat' dir='ltr'>tissima</span> <span class='ocrx_word' id='word_1_255' title='bbox 467 2160 653 2211; x_wconf 83' lang='lat' dir='ltr'>pernicies</span> <span class='ocrx_word' id='word_1_256' title='bbox 681 2159 881 2196; x_wconf 85' lang='lat' dir='ltr'>imminere</span> <span class='ocrx_word' id='word_1_257' title='bbox 898 2157 1097 2195; x_wconf 82' lang='lat' dir='ltr'>videretur.</span> <span class='ocrx_word' id='word_1_258' title='bbox 1125 2154 1221 2205; x_wconf 84' lang='lat' dir='ltr'>Ergo</span> <span class='ocrx_word' id='word_1_259' title='bbox 1244 2154 1391 2204; x_wconf 83' lang='lat' dir='ltr'>legatos</span> <span class='ocrx_word' id='word_1_260' title='bbox 1407 2165 1496 2192; x_wconf 90' lang='lat' dir='ltr'>cum</span> <span class='ocrx_word' id='word_1_261' title='bbox 1519 2167 1581 2195; x_wconf 82' lang='lat' dir='ltr'>ve.</span> 
     </span>
     <span class='ocr_line' id='line_1_33' title="bbox 301 2215 1573 2272; baseline -0.006 -10"><span class='ocrx_word' id='word_1_262' title='bbox 301 2223 475 2263; x_wconf 65' lang='lat' dir='ltr'>lamentis</span> <span class='ocrx_word' id='word_1_263' title='bbox 501 2220 718 2272; x_wconf 84' lang='lat' dir='ltr'>supplicum</span> <span class='ocrx_word' id='word_1_264' title='bbox 745 2220 912 2258; x_wconf 83' lang='lat' dir='ltr'>mittunt.</span> <span class='ocrx_word' id='word_1_265' title='bbox 941 2217 1077 2255; x_wconf 82' lang='lat' dir='ltr'>horum</span> <span class='ocrx_word' id='word_1_266' title='bbox 1109 2216 1195 2256; x_wconf 73' lang='lat' dir='ltr'>talis</span> <span class='ocrx_word' id='word_1_267' title='bbox 1218 2217 1338 2254; x_wconf 87' lang='lat' dir='ltr'>oratio</span> <span class='ocrx_word' id='word_1_268' title='bbox 1358 2215 1453 2256; x_wconf 88' lang='lat' dir='ltr'>fuit:</span> <span class='ocrx_word' id='word_1_269' title='bbox 1570 2237 1573 2239; x_wconf 97' lang='lat'>·</span> 
     </span>
    </p>

    <p class='ocr_par' dir='ltr' id='par_1_5' title="bbox 356 2277 1580 2332">
     <span class='ocr_line' id='line_1_34' title="bbox 356 2277 1580 2332; baseline -0.009 -6"><span class='ocrx_word' id='word_1_270' title='bbox 356 2282 505 2325; x_wconf 72' lang='lat' dir='ltr'><strong>XXVI.</strong></span> <span class='ocrx_word' id='word_1_271' title='bbox 544 2284 630 2321; x_wconf 80' lang='lat' dir='ltr'>Non</span> <span class='ocrx_word' id='word_1_272' title='bbox 656 2281 807 2332; x_wconf 66' lang='lat' dir='ltr'>equidem</span> <span class='ocrx_word' id='word_1_273' title='bbox 831 2295 867 2317; x_wconf 85' lang='lat' dir='ltr'>co</span> <span class='ocrx_word' id='word_1_274' title='bbox 883 2279 1076 2330; x_wconf 73' lang='lat' dir='ltr'>propofim,</span> <span class='ocrx_word' id='word_1_275' title='bbox 1101 2279 1272 2328; x_wconf 80' lang='lat' dir='ltr'>Romani,</span> <span class='ocrx_word' id='word_1_276' title='bbox 1295 2277 1386 2316; x_wconf 82' lang='lat' dir='ltr'>bella</span> <span class='ocrx_word' id='word_1_277' title='bbox 1407 2277 1580 2329; x_wconf 75' lang='lat' dir='ltr'>nobifium</span> 
     </span>
    </p>
   </div>
   <div class='ocr_carea' id='block_1_4' title="bbox 308 2397 1582 2534">
    <p class='ocr_par' dir='ltr' id='par_1_6' title="bbox 308 2397 1582 2534">
     <span class='ocr_line' id='line_1_35' title="bbox 352 2397 1580 2445; baseline -0.003 -8"><span class='ocrx_word' id='word_1_278' title='bbox 352 2407 372 2445; x_wconf 67' lang='lat' dir='ltr'><strong>ss</strong></span> <span class='ocrx_word' id='word_1_279' title='bbox 425 2404 546 2437; x_wconf 78' lang='lat' dir='ltr'>xxm.</span> <span class='ocrx_word' id='word_1_280' title='bbox 583 2402 706 2435; x_wconf 83' lang='lat' dir='ltr'>Zonar.</span> <span class='ocrx_word' id='word_1_281' title='bbox 736 2402 877 2444; x_wconf 80' lang='lat' dir='ltr'>Eutrop.</span> <span class='ocrx_word' id='word_1_282' title='bbox 902 2400 976 2432; x_wconf 82' lang='lat' dir='ltr'>Liv.</span> <span class='ocrx_word' id='word_1_283' title='bbox 1012 2400 1101 2443; x_wconf 85' lang='lat' dir='ltr'>Epit.</span> <span class='ocrx_word' id='word_1_284' title='bbox 1132 2399 1278 2442; x_wconf 79' lang='lat' dir='ltr'>Appian.</span> <span class='ocrx_word' id='word_1_285' title='bbox 1311 2397 1396 2431; x_wconf 87' lang='lat' dir='ltr'>Plin.</span> <span class='ocrx_word' id='word_1_286' title='bbox 1430 2408 1492 2442; x_wconf 69' lang='lat'>33,</span> <span class='ocrx_word' id='word_1_287' title='bbox 1528 2411 1580 2434; x_wconf 82' lang='grc' dir='ltr'>ιι.</span> 
     </span>
     <span class='ocr_line' id='line_1_36' title="bbox 309 2442 1582 2489; baseline -0.006 -7"><span class='ocrx_word' id='word_1_288' title='bbox 309 2454 331 2489; x_wconf 57' lang='grc' dir='ltr'><strong>ς</strong></span> <span class='ocrx_word' id='word_1_289' title='bbox 356 2446 603 2482; x_wconf 63' lang='lat' dir='ltr'>XX1V.5&#39;11·1us</span> <span class='ocrx_word' id='word_1_290' title='bbox 629 2458 663 2487; x_wconf 86' lang='lat'>5,</span> <span class='ocrx_word' id='word_1_291' title='bbox 688 2458 762 2489; x_wconf 77' lang='lat'>354.</span> <span class='ocrx_word' id='word_1_292' title='bbox 785 2447 860 2479; x_wconf 67' lang='lat' dir='ltr'>[iv.</span> <span class='ocrx_word' id='word_1_293' title='bbox 886 2445 974 2489; x_wconf 74' lang='lat' dir='ltr'>Epir.</span> <span class='ocrx_word' id='word_1_294' title='bbox 999 2444 1100 2476; x_wconf 81' lang='lat' dir='ltr'>Diod.</span> <span class='ocrx_word' id='word_1_295' title='bbox 1125 2455 1187 2484; x_wconf 79' lang='lat'>52,</span> <span class='ocrx_word' id='word_1_296' title='bbox 1214 2455 1242 2483; x_wconf 81' lang='lat'>5.</span> <span class='ocrx_word' id='word_1_297' title='bbox 1277 2442 1420 2486; x_wconf 81' lang='lat' dir='ltr'>Appian.</span> <span class='ocrx_word' id='word_1_298' title='bbox 1442 2442 1582 2488; x_wconf 79' lang='lat' dir='ltr'>Hispan.</span> 
     </span>
     <span class='ocr_line' id='line_1_37' title="bbox 308 2487 1241 2534; baseline -0.002 -11"><span class='ocrx_word' id='word_1_299' title='bbox 308 2496 394 2526; x_wconf 68' lang='lat' dir='ltr'>Mor.</span> <span class='ocrx_word' id='word_1_300' title='bbox 422 2505 459 2534; x_wconf 81' lang='lat'>2,</span> <span class='ocrx_word' id='word_1_301' title='bbox 487 2503 537 2532; x_wconf 85' lang='lat'>17.</span> <span class='ocrx_word' id='word_1_302' title='bbox 570 2496 587 2532; x_wconf 59' lang='grc' dir='ltr'>(ᾗ</span> <span class='ocrx_word' id='word_1_303' title='bbox 618 2492 721 2523; x_wconf 55' lang='lat' dir='ltr'>XXV.</span> <span class='ocrx_word' id='word_1_304' title='bbox 748 2491 889 2522; x_wconf 58' lang='lat' dir='ltr'>[indua.</span> <span class='ocrx_word' id='word_1_305' title='bbox 913 2490 1058 2533; x_wconf 67' lang='lat' dir='ltr'>Appiam.</span> <span class='ocrx_word' id='word_1_306' title='bbox 1086 2487 1241 2521; x_wconf 80' lang='lat' dir='ltr'>Orofius.</span> 
     </span>
    </p>
   </div>
  </div>
 </body>
</html>
