1673 3052
263 197 361 256 '³54
625 183 1195 236 T1T1LIV11

262 314 367 346 cum
395 293 584 344 tribunis
605 293 850 359 primisque
870 293 1110 340 ordinibus
1128 289 1254 338 vadit
1271 288 1328 339 ad
1349 294 1553 337 contem}

265 371 458 435 piandos
477 369 684 417 transitus
696 402 710 424 ‚
732 384 822 431 qua
833 365 1069 414 descensus
1084 364 1227 412 facilis
1243 361 1421 410 armatis
1433 396 1449 420 ,
1462 375 1553 423 qua

264 444 314 490 in
340 441 600 490 ulteriorem
630 440 772 504 ripam
796 437 980 484 minime
999 437 1182 499 iniquus
1206 433 1409 482 ascensus
1432 433 1555 480 effet-

265 514 350 562 His
376 514 476 560 satis
495 512 741 576 exploratis
756 548 771 569 ‚
798 511 873 558 illa
895 525 1082 573 quoque
1103 507 1296 570 primum
1314 541 1329 564 ,
1356 519 1406 553 ut
1424 504 1554 551 ordi-

266 603 326 634 ne
351 604 403 635 ac
426 586 518 635 fine
545 586 740 634 tumultu
761 584 916 631 omnia
934 583 981 628 in
1008 582 1184 644 agmine
1205 579 1261 626 ad
1284 591 1445 626 nutum
1469 576 1554 622 im-

267 661 532 724 periumque
568 659 697 707 ducis
727 657 918 714 fierent,
951 654 1170 718 providit.
1213 651 1307 700 Ubi
1339 649 1562 698 omnibus

270 735 398 782 fimul
431 735 829 798 pronuntiaretur,
862 729 988 794 quod
1018 727 1145 774 fieret
1164 761 1179 785 ‚
1210 740 1362 789 neque
1394 735 1557 770 omnes

271 807 564 864 exaudirent3
599 806 776 853 incerto
808 800 1004 866 imperio
1037 809 1253 862 accepto,
1285 796 1397 844 alios
1426 794 1484 842 ab
1514 795 1560 843 se

271 879 531 942 adjicientes
544 914 560 937 ,
585 878 684 940 plus
701 893 759 924 eo
772 912 787 936 ‚
805 874 929 938 quod
949 874 1216 936 imperatum
1236 870 1449 930 fit,'alios
1465 869 1559 917 mi-

271 970 358 1000 nus
389 951 550 1000 facere.
583 950 805 999 clamores
832 947 992 995 deinde
1022 946 1224 993 diffonos
1254 944 1365 992 oriri
1402 942 1559 991 omni-

272 1027 358 1074 bus
376 1025 490 1073 locis
506 1062 520 1084 ‚
550 1027 602 1072 &
625 1024 749 1086 prius
768 1022 915 1069 hostes
931 1056 946 1079 ‚
975 1036 1110 1084 quam
1133 1016 1280 1081 ipsos,
1298 1016 1409 1081 quid
1433 1026 1562 1079 pared

272 1111 374 1157 tur,
393 1097 518 1145 scire.
544 1096 724 1144 Placere
751 1094 888 1159 igitur
903 1129 917 1151 ‚
938 1094 1174 1140 tribunum
1196 1090 1390 1137 militum
1410 1089 1563 1152 primo

274 1173 373 1235 pilo
400 1170 593 1235 legionis
618 1169 833 1216 secretum
869 1167 999 1213 edere
1029 1164 1299 1228 imperium:
1329 1163 1484 1221 illurn,
1510 1163 1564 1210 &

274 1245 378 1291 dein
412 1244 640 1307 fingulos,
675 1242 892 1305 proximo
925 1238 1090 1304 cuique
1126 1238 1176 1285 in
1208 1236 1368 1284 ordine
1402 1247 1564 1282 centu⁴

275 1316 398 1363 rioni
426 1317 603 1374 dicere,
630 1316 738 1379 quid
759 1331 876 1377 opus
903 1313 1021 1360 fac‘to
1054 1311 1135 1367 fit3
1168 1310 1264 1357 sive
1290 1326 1315 1356 a
1335 1308 1492 1371 primis
1510 1308 1565 1354 fi-

276 1391 375 1453 gnis
394 1389 448 1435 ad
470 1389 760 1453 noviffimum
779 1403 960 1451 agmen,
980 1385 1072 1432 sive
1093 1383 1149 1430 ab
1166 1380 1375 1430 extremis
1393 1380 1449 1428 ad
1467 1379 1566 1444 pri-

277 1480 378 1510 mos
397 1463 711 1526 perferendum
732 1460 972 1523 imperium
994 1459 1060 1506 fir.
1092 1457 1262 1520 Vigiles
1281 1455 1414 1503 etiam
1433 1470 1566 1502 novo

276 1553 408 1584 more
425 1536 595 1583 scutum
617 1534 666 1580 in
688 1533 890 1596 vigiliam
911 1530 1027 1577 ferre
1048 1530 1221 1578 vetuit:
1249 1546 1346 1576 non
1376 1527 1501 1575 enim
1517 1527 1566 1574 in

278 1626 477 1671 pugnam
508 1606 692 1670 vigilem
718 1606 783 1651 ire
801 1639 816 1662 ‚
845 1616 896 1650 ut
921 1602 1056 1649 armis
1074 1614 1250 1659 utatur,
1281 1601 1354 1648 sed
1378 1601 1434 1648 ad
1452 1600 1568 1663 vigi-

279 1682 494 1740 landum,
522 1692 597 1737 ut,
626 1695 730 1726 cum
758 1676 937 1724 senserit
960 1674 1158 1721 hostium
1185 1674 1432 1720 adventum
1449 1708 1468 1730 ,
1494 1688 1568 1719 re-

281 1754 420 1817 cipiat
453 1752 496 1799 se
515 1788 529 1811 ,
561 1751 819 1813 excitetque
849 1749 904 1795 ad
923 1764 1046 1794 arma
1076 1746 1205 1793 alios.
1243 1747 1381 1794 Scuto
1409 1762 1502 1807 prae
1525 1743 1570 1791 se

283 1827 434 1874 ere6to
467 1825 579 1872 stare
602 1823 821 1887 galeatos:
853 1819 1014 1865 deinde
1033 1818 1112 1864 ubi
1141 1816 1235 1865 feffi
1264 1817 1376 1875 fint,
1397 1816 1571 1863 innisos

283 1900 381 1962 pilo
397 1934 414 1956 ‚
439 1898 584 1961 capite
613 1897 743 1959 super
773 1894 1019 1957 marginem
1041 1891 1153 1939 scuti
1182 1885 1333 1953 pofito
1351 1925 1366 1948 ‚
1396 1888 1571 1951 sopitos

286 1974 426 2020 stare:
462 1986 514 2019 ut
545 1971 818 2034 fulgentibus
838 1967 970 2016 armis
992 1966 1157 2030 procul
1178 1963 1381 2026 conspici
1408 1962 1465 2010 ab
1481 1962 1571 2010 ho·

287 2046 350 2092 ste
371 2045 535 2108 possint
553 2078 568 2099 ‚
602 2044 682 2106 ipfi
715 2042 826 2088 nihil
854 2040 1143 2104 provideant.
1172 2037 1427 2084 Stationum
1449 2046 1572 2098 quo-³

287 2137 378 2182 que
411 2134 585 2166 morem
621 2116 827 2163 mutavit.
883 2113 1037 2160 armati
1071 2126 1267 2168 omnes,
1304 2111 1354 2157 &
1390 2107 1573 2155 frenatis

289 2192 415 2255 equis
441 2192 638 2250 equites,
664 2188 781 2234 diem
802 2198 952 2233 totum
971 2184 1236 2248 perstabant.
1265 2183 1310 2229 id
1329 2198 1431 2229 cum
1457 2177 1574 2226 aesti-

290 2264 365 2310 vis
395 2263 578 2317 diebus,
610 2273 770 2308 urente
797 2259 968 2306 affiduo
992 2256 1117 2315 sole,
1149 2255 1301 2310 fieret,
1330 2265 1402 2300 tot
1433 2251 1573 2298 hora-

292 2350 393 2381 rum
424 2335 529 2381 aestu
553 2335 603 2381 δε
634 2332 850 2395 languore
886 2328 1008 2393 ipsos
1035 2327 1262 2392 equosque
1292 2323 1426 2371 feffos
1453 2321 1573 2380 inte-

294 2409 362 2471 gri
382 2408 495 2471 saepe
519 2406 667 2455 adorti
687 2404 865 2461 hostes,
899 2402 976 2450 vel
997 2400 1126 2466 pauci
1159 2399 1309 2462 plures
1333 2394 1575 2444 vexabant.

296 2481 449 2548 itaque
467 2499 525 2531 ex
542 2479 764 2530 matutina
783 2478 973 2527 statione
1001 2476 1057 2524 ad
1074 2472 1306 2523 meridiem
1323 2468 1506 2526 decedi,
1524 2467 1576 2514 δε
