1673 3052
285 174 816 223 HISTORIARUM
866 175 983 222 LIB.
1021 177 1157 224 XLII.
1290 191 1348 240 33

61 283 186 348 qdod
206 282 426 330 Romanis
454 282 533 328 suo
561 281 748 330 nomine
776 283 941 330 auxilia
966 283 1198 345 pollicitus
1224 295 1351 343 erat,

61 373 118 404 ex
138 373 231 418 quo
253 356 313 402 est
330 355 502 416 junctus
525 354 715 402 Eumeni
736 355 976 414 affinitate,
1002 356 1047 402 in
1070 356 1223 402 omnia
1245 356 1354 403 belli

63 428 272 492 pacisque
302 428 343 475 se
363 427 714 476 consociaverat
750 428 950 476 confilia.
987 429 1242 476 Antiochus
1272 430 1354 476 im-

64 502 262 553 minebat
289 504 470 567 quidem
493 502 680 567 AEgypti
702 518 867 565 regno,
887 503 936 548 ὃ(
958 502 1190 563 pueritiam
1218 504 1355 567 regis,

65 572 117 623 &
148 576 352 623 inertiam
389 588 593 623 tutorum
628 575 876 638 spernens;
913 575 962 620 ὅ(
996 574 1268 636 ambigendo
1303 577 1358 622 de

67 649 204 695 Coele
239 648 370 712 SyrIa
405 647 577 696 causam
614 647 720 694 belli
758 646 798 692 se
837 645 1093 693 habiturum
1128 646 1357 693 existima—

67 719 168 780 bat,
191 722 509 787 gesturumque
528 721 620 768 fine
639 720 734 767 ullo
752 720 1076 783 impedimento
1089 756 1102 779 ‚
1119 723 1359 784 occupatis

65 793 286 845 Romanis
311 798 357 844 in
384 795 687 843 Macedonico
712 795 831 841 bello
850 831 864 854 ‚
896 794 941 840 id
971 795 1166 842 belium:
1206 810 1356 845 tamen

66 869 222 916 omnia
251 871 300 917 &
328 886 407 931 per
437 869 542 915 suos
565 868 734 930 legatos
767 867 969 924 senatui,
1003 867 1165 930 &ipse
1202 869 1357 932 legatis

69 957 230 989 eorum
259 940 426 988 eximie
460 940 690 1003 pollicitus
721 952 827 987 erat.
866 940 1134 988 Ptolemaeus
1170 956 1359 1005 propter

70 1026 244 1061 aetatem
271 1013 408 1061 alieni
453 1013 584 1060 etiam
615 1026 709 1060 tum
743 1013 919 1060 arbitrii
949 1027 1056 1063 erat.
1104 1027 1277 1062 tutores
1308 1019 1361 1066 &

68 1087 238 1137 bellum
268 1087 478 1135 adversus
507 1088 790 1134 Antiochum
816 1086 1062 1149 parabant,
1085 1106 1181 1152 quo
1210 1090 1361 1137 vindi-

49 1201 51 1203 .
72 1172 227 1208 carent
246 1159 410 1206 Coeien
427 1161 603 1224 Syriam
621 1195 634 1216 ,
665 1161 715 1207 &
738 1158 956 1206 Romanis
980 1160 1135 1206 *omnia
1165 1163 1362 1224 pollice-

71 1234 237 1282 bantur
251 1233 309 1281 ad
335 1233 684 1280 Macedonicum
717 1234 902 1281 bellum.
937 1234 1158 1280 Mafinifl'a
1187 1237 1237 1283 &
1266 1234 1363 1283 fru-

73 1320 230 1356 mento
261 1306 447 1368 juvabat
460 1309 728 1364 Romanos,
756 1308 805 1354 &
834 1305 998 1353 auxilia
1021 1323 1123 1353 cum
1143 1307 1364 1371 elephan-

71 1381 132 1428 tis
165 1379 528 1443 Misagenemque
563 1379 708 1426 filium
739 1380 916 1427 mittere
946 1380 1000 1427 ad
1031 1381 1197 1427 bellum
1231 1399 1366 1444 para-⁴

12 1463 22 1471 “
74 1454 166 1502 bat.
202 1451 390 1500 confilia
416 1466 563 1499 autem
598 1452 644 1498 in
667 1469 850 1499 omnem
880 1452 1109 1499 fortunam
1130 1456 1190 1501 ita
1212 1456 1366 1519 dispo·-

76 1525 156 1572 fita
177 1523 393 1571 habebat:
423 1524 454 1571 fi
482 1541 616 1587 penes
641 1525 877 1572 Romanos
900 1525 1089 1573 victoria
1108 1527 1242 1586 effet,
1267 1529 1365 1577 suas

77 1613 264 1661 quoque
293 1596 339 1643 in
371 1596 534 1643 eodem
563 1596 675 1644 statu
703 1597 929 1645 mansuras
957 1616 1048 1657 res,
1072 1617 1217 1664 neque
1248 1604 1367 1651 ultra

77 1668 325 1733 quidquam
352 1668 657 1715 movendum:
697 1684 793 1714 non
816 1669 937 1715 enim
969 1670 1169 1732 passuros
1192 1673 1368 1720 Roma-

81 1757 167 1790 nos
181 1777 195 1800 ,
229 1742 324 1790 vim
343 1741 781 1805 Carthaginienfibus
805 1741 966 1791 afferri.
998 1743 1043 1790 Si
1064 1743 1210 1791 fractae
1229 1747 1368 1795 essent

82 1832 193 1879 opes
222 1816 561 1875 Romanorum,
593 1833 696 1880 quae
725 1830 821 1864 tum
854 1830 1142 1881 protegerent
1173 1820 1369 1868 Cartha-

84 1887 338 1954 ginienses,
374 1888 492 1936 suam
529 1906 713 1938 omnem
749 1890 949 1939 Africam
986 1891 1099 1939 fore.
1141 1894 1370 1951 Gentius,

84 1978 164 2009 rex
197 1961 457 2026 Illyriorum
476 1994 490 2022 ,
526 1962 692 2010 fecerat
722 1963 903 2025 potius,
940 1981 1019 2011 cur
1050 1963 1270 2028 suspectus
1300 1966 1372 2012 es-

87 2034 148 2080 set
168 2034 416 2093 Romanis,
451 2052 583 2098 quam
620 2035 718 2083 satis
751 2037 986 2094 statuerat,
1018 2051 1161 2084 utram
1189 2036 1373 2086 foveret

86 2118 283 2170 partem;
320 2106 580 2170 impetuque
600 2108 738 2172 magis
756 2145 769 2167 ,
800 2126 933 2173 quam
955 2110 1146 2157 confilio
1164 2147 1180 2168 ,
1205 2112 1271 2158 his
1293 2126 1373 2160 aut

87 2180 176 2228 illis
194 2181 234 2227 se
252 2179 539 2243 adjuncturus
562 2183 810 2232 videbatur.
842 2187 991 2249 Cotys
1007 2185 1190 2242 Thrax,
1209 2188 1375 2252 Odry-

89 2253 230 2302 sarum
255 2271 361 2310 rex‚
387 2255 623 2302 evidenter
643 2257 948 2304 Macedonum
979 2258 1112 2320 partis
1137 2270 1243 2304 erat.

9 2319 19 2326 ”
154 2328 312 2375 XXX.
347 2330 456 2375 Haec
483 2330 696 2376 sententia
723 2331 900 2395 regEbus
930 2349 1029 2378 cum
1063 2330 1167 2376 effet
1197 2331 1251 2375 de
1280 2331 1376 2376 bel-

87 2400 137 2450 lo
161 2437 174 2457 ,
210 2401 256 2446 in
298 2400 449 2447 liberis
489 2403 695 2463 gentibus
740 2402 1008 2464 populisque
1042 2396 1175 2464 plebs⁴
1208 2402 1376 2465 ubique

87 2472 236 2523 omnis
264 2470 434 2532 ferme,
458 2485 509 2518 ut
534 2472 680 2533 solet,
710 2473 1008 2521 deterioribus
1030 2488 1124 2520 erat
1145 2474 1206 2520 ob
1225 2491 1375 2539 regem

153 2548 203 2593 T.
232 2548 326 2596 Liv.
353 2550 450 2594 Vol.
480 2549 588 2596 Vll.
1082 2547 1122 2592 C
