1673 3052
287 174 830 227 fflsToRiARUM
864 177 1184 225 Liss.xL1V.
1272 192 1361 243 157

0 335 1 341 ἵ
75 280 309 344 placebat,
331 280 574 330 Octavium
602 298 708 330 cum
737 283 866 330 claffe
884 282 1246 331 Thessalonicam
1276 300 1358 347 pe-

74 365 170 410 tere
183 388 200 414 ,
221 355 276 402 &
304 354 602 417 populatione
623 355 858 402 maritimae
885 372 980 412 orae
999 355 1260 420 distringere
1279 372 1357 404 co-

75 427 172 491 pias
186 427 325 492 regias
343 446 355 475 :
374 440 450 484 ut,
472 428 616 476 altero
637 429 693 475 ab
712 441 840 493 tergo
863 427 906 475 se
927 429 1187 476 ostendente
1207 429 1328 476 bello
1340 464 1358 487 ,

78 502 369 550 circumactus
395 502 450 549 ad
479 502 741 550 interiorem
765 514 947 566 partem·
965 502 1092 566 regni
1121 503 1357 560 tuendam,

76 574 245 621 nudare
265 574 413 638 aliqua
435 587 558 637 parte
584 575 784 622 tranfitus
807 574 966 637 Enipei
987 587 1237 640 cogeretur.
1274 576 1359 638 lpfi

73 658 235 694 natura
264 647 315 694 &
333 647 544 710 operibus
571 645 933 709 inexsuperabilis
966 646 1061 710 ripa
1093 647 1357 695 videbatur:

73 719 129 766 &
144 754 160 776 ,
195 731 490 783 praeterquam
524 720 652 783 quod
686 730 913 766 tormenta
948 720 1116 784 ubique
1151 718 1359 782 disposita

77 790 217 837 essent
231 826 246 849 ,
273 790 507 839 miffilibus
538 791 674 838 etiam
694 791 852 839 melius
871 792 920 839 &
940 791 1134 838 certiore
1166 791 1256 838 ictu
1272 791 1359 838 ho-

75 861 161 909 stes
187 863 253 921 uti
290 863 498 911 audierat.
528 860 640 910 'Alio
673 862 893 926 spectabat
923 881 1048 912 mens
1076 875 1172 912 tota
1206 863 1359 913 ducis:

76 936 344 999 dimissoque
369 937 560 985 consilio
582 938 846 985 Perrhaebos
876 950 1175 997 mercatores,
1195 940 1358 987 Schoe-

77 1028 188 1057 num
206 1012 257 1058 &
271 1011 613 1074 Menophilum,
639 1027 762 1066 notae
783 1014 832 1060 &
850 1010 954 1058 fidei
969 1011 1058 1074 jam
1082 1011 1162 1058 fibi
1179 1013 1228 1060 &
1247 1029 1359 1075 pru-

65 1084 240 1144 ¹‘dentiae
275 1085 482 1134 homines
500 1122 514 1146 ‚
553 1086 782 1133 arceffitos
817 1085 989 1134 secreto
1028 1100 1321 1150 percontatur
1337 1124 1356 1146 ,

75 1156 219 1220 qualis
250 1157 306 1203 ad
323 1158 621 1204 Perrhaebiam
652 1157 856 1204 transitus
876 1157 943 1205 fit.
979 1158 1095 1204 Cum
1119 1158 1222 1206 loca
1259 1176 1356 1208 non

76 1229 233 1294 iniqua
256 1230 340 1278 effe
360 1231 584 1288 dicerent,
610 1230 823 1294 praesidiis
843 1244 988 1276 autem
1005 1230 1118 1294 regis
1139 1231 1356 1291 obfideri,

75 1300 196 1364 spem
216 1303 363 1365 cepit,
383 1304 414 1349 fi
441 1304 572 1350 nocte
591 1302 845 1366 improviso
862 1302 1013 1350 valida
1035 1319 1168 1350 manu
1185 1303 1359 1368 aggres-
1386 1310 1402 1326 ·

73 1373 148 1422 sus
180 1375 501 1438 necopinantes
537 1375 671 1432 effer,
706 1375 839 1436 dejici
868 1375 1067 1438 praesidia
1099 1376 1237 1439 poffe.
1276 1379 1357 1423 Ja-

76 1451 170 1510 cula
195 1450 304 1493 enim
322 1446 561 1510 &sagittas
583 1446 624 1494 δ’
644 1464 768 1494 cetera
785 1448 949 1512 rtzfflia
977 1452 1022 1494 in
1043 1453 1236 1507 tenebris,
1256 1453 1329 1497 ubi
1339 1486 1355 1507 ,

75 1523 179 1582 quid
199 1536 393 1582 petatur,
424 1526 574 1582 procul
594 1524 807 1582 provideri
837 1539 1033 1583 nequeat,
1071 1525 1240 1568 inutilia
1267 1522 1356 1586 effi.

73 1595 221 1654 gladio
250 1595 435 1639 cominus
464 1594 550 1654 geri
577 1612 658 1639 rem
686 1596 731 1639 in
753 1598 965 1654 permixta
991 1597 1136 1651 turba,
1164 1613 1243 1655 quo
1271 1597 1355 1640 mi-

69 1669 135 1710 les
157 1666 378 1710 Romanus
396 1665 552 1712 vincat.
586 1665 668 1712 His
689 1666 876 1712 ducibus
898 1665 1052 1712 usurus
1067 1700 1080 1722 ,
1112 1681 1356 1729 praetorem

77 1735 324 1783 Ostavium
344 1737 591 1785 arceffitum
610 1773 624 1796 ‚
652 1738 888 1801 exposito,
913 1738 1021 1802 quid
1046 1753 1246 1802 pararet,
1264 1739 1355 1789 He-

77 1808 273 1856 racleum
294 1827 399 1857 cum
428 1811 555 1858 claffe
584 1825 733 1874 petere
756 1812 878 1874 jubet
897 1847 911 1870 ,
946 1814 996 1858 &
1013 1813 1133 1858 mille
1157 1813 1357 1860 homini-

77 1881 160 1928 bus
179 1882 331 1930 decem
361 1883 534 1931 dierum
559 1885 685 1931 co&a
703 1885 868 1932 cibaria
887 1885 1061 1932 habere.
1086 1885 1179 1948 Ipse
1202 1888 1248 1934 P.
1268 1886 1357 1933 Sci-

78 1952 265 2016 pionem
283 1955 482 2002 Nasicam
493 1992 508 2015 ,
524 1957 584 2016 Q.
602 1957 786 2003 Fabium
801 1957 1051 2003 Maximum
1067 1955 1207 2004 filium
1230 1958 1354 2005 suum

77 2042 182 2073 cum
195 2027 396 2092 quinque
416 2029 592 2077 delectis
611 2030 807 2077 millibus
823 2031 1087 2077 Heracleum
1106 2031 1265 2088 mittit,
1281 2049 1353 2078 ve·

63 2098 144 2151 ,lut
167 2098 335 2146 claffem
356 2100 674 2150 conscensuros
693 2137 707 2160 ,
727 2105 781 2149 ad
799 2102 1065 2150 maritimam
1087 2119 1213 2150 oram
1236 2104 1354 2149 inte—

76 2170 212 2217 rioris
232 2173 535 2233 Macedoniae,
558 2176 682 2239 quod
699 2176 746 2222 in
783 2175 973 2222 confilio
1005 2176 1218 2238 agitatum
1237 2191 1353 2234 erat,

77 2243 347 2292 vastandam.
378 2246 560 2293 Secreto
591 2247 863 2307 indicatum,
899 2247 1062 2295 cibaria
1091 2247 1155 2293 his
1186 2265 1353 2310 praepa-

77 2325 170 2360 rata
199 2315 253 2361 ad
276 2315 450 2363 claffem
483 2317 594 2375 effe,
630 2334 685 2364 ne
716 2318 827 2380 quid
850 2334 928 2366 eos
953 2332 1216 2366 moraretur.
1248 2319 1355 2364 Inde

78 2385 177 2448 juffi
195 2388 332 2434 duces
358 2389 528 2436 itineris
547 2380 605 2437 ita
626 2379 825 2438 dividere
846 2392 966 2441 viam
984 2427 997 2449 ‚
1018 2404 1067 2438 ut
1093 2403 1248 2454 quarta
1280 2391 1353 2437 vi·

79 2458 184 2524 gilia
202 2459 337 2506 tertio
358 2460 428 2508 die
456 2462 666 2525 Pythium
687 2462 855 2509 adoriri
875 2463 1063 2526 possent.
1096 2463 1188 2528 lpse
1208 2464 1355 2528 poste-
