1673 3052
328 170 1219 223 HlsTomARUMLIB.XL1V.
1306 193 1388 238 123

112 274 295 326 ntorum
322 278 460 325 usum.
494 280 612 325 Cum
646 278 758 325 alios
790 280 999 328 decursus
1035 280 1269 327 edidiffent
1293 298 1398 327 mo-

112 361 212 409 tus,
233 351 450 414 quadrato
469 351 646 414 agmine
667 350 784 397 facto
799 387 812 409 ‚
830 351 961 399 scutis
981 351 1109 415 super
1127 352 1270 415 capita
1291 354 1399 399 den-

111 424 237 482 satis,
255 423 470 470 stantibus
490 423 670 486 primis,
690 423 890 471 secundis
911 424 1264 472 submiffioribus
1277 461 1291 483 ‚
1309 437 1396 471 ter-

110 496 186 544 tiis
214 497 351 560 magis
379 499 429 544 &
457 497 654 560 quartis,
688 496 922 559 postremis
952 497 1085 544 etiam
1111 515 1229 561 genu
1261 497 1397 554 nifis,

110 567 383 632 fastigatam‚
418 569 529 616 ficut
565 570 675 615 tecta
709 567 1001 616 aedificiorum
1040 569 1172 626 sunt,
1212 569 1401 615 testudi-

37 634 40 637 Δ
111 659 216 689 nem
250 640 489 688 faciebant.
533 640 654 688 Hinc
691 640 1017 704 quinquaginta
1056 641 1197 687 ferme
1233 641 1400 704 pedum

108 713 255 776 spatio
278 713 484 760 distantes
510 713 602 759 duo
626 713 783 760 armati
811 714 1143 775 procurrebant
1160 750 1173 771 ‚
1205 714 1399 761 commi-

111 787 298 850 natique
331 787 446 833 inter
480 785 550 841 se,
589 787 646 833 ab
683 786 769 833 ima
807 787 853 833 in
887 786 1100 834 summam
1133 787 1400 835 testudinem

111 877 194 923 per
219 859 392 906 densata
412 859 532 906 scuta
564 877 666 906 cum
698 859 959 917 evafiffent,
987 877 1108 908 nunc
1131 861 1257 908 velut
1287 878 1399 923 pro-

109 945 361 998 pugnantes
390 950 472 996 per
505 950 610 980 oras
643 944 856 980 extremae
893 933 1154 994 testudinis,
1190 952 1314 982 nunc
1351 936 1400 982 in

55 1056 57 1058 ,
110 1006 257 1053 media
279 1006 395 1054 inter
416 1005 458 1053 se
486 1022 834 1064 concurrentes,
858 1007 979 1054 haud
999 1006 1121 1055 secus
1157 1025 1287 1072 quam
1313 1008 1401 1055 sta-

109 1078 191 1126 bili
208 1078 307 1125 solo
327 1078 642 1141 persultabant.
677 1077 796 1126 Huic
815 1079 1026 1126 testudini
1044 1081 1262 1128 simillima
1283 1083 1401 1143 parti

109 1150 232 1198 muri
259 1151 464 1209 admota,
503 1169 603 1199 curn
637 1151 795 1198 armati
829 1151 1122 1214 superstantes
1157 1153 1400 1212 subissent,

111 1224 526 1288 propugnatoribus
553 1224 672 1271 muri
692 1221 871 1288 fastigio
891 1225 1138 1272 altitudinis
1160 1227 1400 1289 aequaban-

109 1308 211 1345 tur:
249 1297 526 1361 depulsisque
556 1297 609 1343 iis
628 1333 643 1356 ,
672 1297 720 1344 in
754 1298 912 1344 urbem
940 1299 1136 1345 duorum
1171 1299 1400 1361 signorum

110 1369 276 1417 milites
315 1370 697 1418 transcenderunt.
744 1371 794 1416 Id
830 1382 1003 1417 tantum
1038 1371 1242 1417 diffimile
1282 1371 1399 1430 fuit,

110 1427 267 1504 quod,
299 1445 350 1490 &
377 1443 424 1489 in
453 1442 607 1490 fronte
627 1454 826 1489 extrema
843 1479 857 1500 ,
891 1443 941 1490 ὅ(
966 1459 1021 1488 ex
1042 1442 1283 1502 lateribus,
1313 1444 1398 1492 soli

111 1532 210 1562 non
239 1517 461 1564 habebant
489 1515 619 1579 super
643 1517 787 1579 capita
807 1517 950 1563 delata
983 1516 1128 1569 scuta,
1166 1534 1221 1563 ne
1252 1518 1397 1564 nuda-

110 1605 212 1637 rent
241 1607 465 1653 corpora;
495 1589 568 1637 sed
601 1591 807 1653 praetecta
839 1590 1134 1653 pugnantium
1163 1607 1305 1637 more.
1336 1592 1398 1638 ita

111 1677 197 1708 nec
227 1661 346 1724 ipsos
377 1662 465 1709 tela
492 1679 549 1709 ex
578 1680 710 1711 muro
740 1662 863 1709 missa
895 1663 1125 1710 subeuntes
1161 1663 1397 1722 laeserunt,

110 1735 161 1782 &
188 1733 399 1782 testudini
436 1733 596 1798 injeEla
630 1728 785 1783 imbris
820 1736 868 1782 in
900 1736 1086 1782 modum
1122 1736 1300 1784 lubrico
1330 1735 1398 1784 fa-

109 1806 243 1870 stigio
269 1807 460 1855 innoxia
482 1808 536 1854 ad
560 1808 697 1854 imum
716 1808 992 1857 labebantur.
1026 1811 1082 1855 Et
1109 1809 1296 1868 consul,
1320 1828 1397 1858 ca-

110 1891 193 1943 pto
222 1879 311 1941 jam
337 1882 584 1940 Heracle0‚
618 1880 756 1929 castra
789 1898 844 1929 eo
880 1881 1150 1943 promovit;
1184 1894 1396 1945 tanquam

110 1950 253 1998 Dium
267 1987 280 2009 ,
299 1963 430 2014 atque
446 1988 459 2010 ,
477 1951 580 1999 inde
598 1952 811 2000 submoto
832 1970 934 2017 rege
948 1990 961 2009 ‚
984 1953 1031 1999 in
1052 1953 1240 2000 Pieriam
1263 1955 1397 2002 etiam

111 2024 430 2087 progressurus.
475 2026 595 2083 Sed,
635 2026 820 2072 hiberna
859 2026 947 2088 jam
977 2043 1260 2089 praeparans‚
1299 2028 1397 2075 vias

112 2097 436 2145 commeatibus
471 2098 770 2146 subvehendis
797 2117 854 2146 ex
877 2099 1101 2146 Thessalia
1131 2102 1297 2147 muniri
1321 2100 1396 2162 ju·-

110 2169 213 2227 bet,
243 2172 292 2218 &
310 2170 413 2235 eligi
432 2171 605 2218 horreis
634 2185 895 2235 opportuna
916 2173 1018 2220 loca
1034 2209 1048 2231 ‚
1065 2174 1266 2237 tectaque
1287 2175 1398 2222 aedi-

109 2240 262 2301 ficari,
294 2244 371 2290 ubi
391 2245 604 2293 diversari
621 2258 854 2309 portantes
876 2259 1152 2294 commeatus
1173 2226 1360 2310 pollent.

108 2336 117 2360 s
174 2317 235 2364 X.
271 2316 449 2364 Perseus
467 2353 482 2375 ‚
513 2318 690 2365 tandem
714 2337 737 2365 a
758 2335 932 2382 pavore
951 2337 1007 2366 eo
1024 2356 1039 2376 ‚
1062 2337 1155 2383 quo
1177 2321 1394 2368 attonitus

109 2387 283 2445 fuerat,
313 2403 496 2451 recepto
530 2390 684 2435 animo
703 2427 724 2449 a.
751 2392 910 2449 malle,
949 2392 1147 2454 imperiis
1183 2392 1267 2439 suis
1299 2410 1394 2440 non

109 2459 466 2524 obtemperatum
487 2461 571 2511 ess'e
588 2498 602 2521 ,
639 2480 740 2512 cum
763 2463 989 2529 trepidans
1022 2481 1174 2528 gazam
1205 2464 1252 2511 in
1279 2483 1398 2516 mare
