1673 3052
241 205 334 254 3-10
358 190 440 237 JO.
454 185 679 236 FREINS.
697 185 855 233 SUPP.
874 185 938 232 IN
956 180 1099 232 LOC.
1117 180 1166 232 L
1180 176 1493 231 XLVmVLm

240 299 346 349 ginta
376 293 568 348 pendere,
598 290 820 342 exsulesque
849 291 961 341 snos,
991 299 1124 332 contra
1153 282 1444 341 Jusjbrand'um3
1471 300 1531 329 re-

239 362 368 410 cipere
389 354 658 409 promiserunt.
684 354 741 394 Ita
767 365 857 392 cum
878 352 1034 405 fingulis
1049 350 1454 403 tunicis-ignominiose
1470 350 1529 390 di-

238 421 367 461 miffos
402 417 556 459 Gulussa
573 447 584 466 ‚
617 415 776 467 periculi
811 415 860 455 fic
893 429 1068 465 memor,
1095 417 1131 456 ἃ
1160 414 1266 455 velut
1287 415 1329 455 in
1348 416 1528 455 ‘austores

240 482 412 535 perfidiae
438 480 605 532 ipsorum
631 477 811 529 exemplo
835 478 932 528 juste
948 477 1102 525 usurus,
1122 478 1290 517 interfici
1306 491 1326 516 a
1343 473 1530 519 Numidis

242 544 436 596 equitibus
458 541 586 594 juffit:
612 543 802 581 incertum
824 554 872 580 an
892 540 1011 580 inscio
1027 536 1229 582 Mafiniffa.
1251 540 1443 587 illi,.cum
1465 550 1531 577 ne-

241 620 316 657 que
346 607 396 646 ad
424 605 670 644 refistendum
697 616 825 652 arma,
850 612 922 643 nec
947 603 996 642 ad
1023 601 1253 653 fugiendum
1284 603 1378 641 vires
1411 600 1531 639 habe-

240 679 355 715 rent,
382 676 520 719 praeter
545 679 718 718 paucos,
745 666 810 716 qui
846 677 937 705 cum
961 664 1045 716 ipso
1073 665 1172 704 duce
1202 663 1420 712 evaserunt,
1446 662 1534 702 sunt

241 730 451 772 interfeeti.
477 729 564 769 Hoc
583 727 728 767 bellum
746 728 863 768 exitio
881 725 1101 778 Carthagini
1117 727 1202 766 fuit.
1220 739 1308 766 nam
1324 727 1361 766 δι
1375 733 1534 776 praetex-

245 804 331 835 tum
349 786 456 833 dedit
477 791 662 832 Romanis
674 798 747 838 ‚*ut
760 803 825 830 eos
848 792 964 830 armis
986 798 1186 841 peterent,
1205 791 1240 830 Sc
1256 789 1422 830 viffikoriae
1437 786 1536 826 fidu-

245 859 370 898 ciam:
400 869 489 896 cum
517 855 743 896 exscindeoe
765 855 911 894 attritas
933 867 954 893 a
976 852 1167 894 Mafiniffa
1185 865 1280 904 opes
1300 851 1534 907 (hominum

247 920 298 959 ad
323 917 443 958 millia
469 916 799 968 duodesexaginta
822 914 1039 967 perierant)
1067 927 1193 964 neque
1217 911 1440 965 periculosae
1472 911 1538 952 ad-

249 983 439 1027 modum,
462 990 587 1031 neque
611 979 800 1019 diuturnae
823 977 937 1018 luaae
961 977 1167 1019 videretur
1464 991 1467 994 ⁴

297 1111 323 1156 S
351 1110 511 1148 XXXIV.
536 1109 664 1146 Zonar.
691 1109 813 1154 Polyb.
835 1119 892 1152 ap.
917 1106 1067 1142 Suadam.
1091 1104 1243 1149 Appiam.
