1673 3052
283 202 378 251 334
443 186 536 234 JO.
571 182 1099 232 FREINSHEMII
1135 181 1503 232 SUPPLEM.

281 295 388 335 tione
403 293 634 340 deflectens,
659 289 781 328 inermi
797 289 945 342 populo,
965 290 1060 341 quod
1078 303 1123 327 ex
1139 288 1246 327 malis
1266 287 1445 330 minimum
1455 291 1564 345 sbre't,

283 356 438 397 dixisset
463 355 668 407 eligendum.
698 353 975 392 Verumtamen
1000 351 1065 402 spe
1088 351 1153 391 sua
1180 351 1318 402 falsos,
1341 352 1459 392 etiam
1479 351 1569 392 Ma-

282 416 412 457 finiffae
434 414 608 465 superbia
629 412 745 453 taedio
769 415 805 452 ἃ
823 411 956 452 dolore
971 411 1109 452 affecit.
1138 412 1300 453 Ferebat
1313 415 1417 453 enim
1434 413 1569 463 iniquo

283 480 439 526 animo,
455 476 574 527 quod,
595 475 794 514 vincendae
812 473 1054 525 Carthaginis
1069 486 1158 513 cum
1175 474 1255 526 ipse
1278 475 1389 515 causa
1413 473 1541 515 fuisset
1554 502 1570 521 ,

282 543 393 581 viaae
409 538 567 579 titulum
580 537 747 578 Romani
767 545 1006 588 occupatum
1020 536 1129 576 ibant
1140 553 1153 586 ς
1175 549 1223 576 ne
1239 538 1414 588 quidem,
1437 546 1480 577 ut
1504 549 1571 576 an-

283 612 347 643 tea
373 602 499 642 facere
524 598 822 647 consueverant,
855 611 894 638 re
921 611 1012 638 eum
1045 597 1125 648 ipso
1158 599 1458 640 communicata.
1492 612 1572 650 po·-

284 663 448 712 stremo‚
473 674 561 700 cum
590 661 656 699 fibi
679 659 967 700 debellandum
1002 658 1282 699 Hasdrubalem
1313 657 1570 711 poposcisset,

286 738 370 765 non
397 724 523 764 fuerat
548 722 714 762 auditus.
751 723 996 773 Quapropter
1026 721 1248 762 consulibus
1273 722 1322 762 ad
1353 732 1572 774 pertentan-

288 789 382 827 dum
409 789 491 836 ejus
514 786 688 824 animum
716 783 855 824 auxilia
880 782 1156 834 postulantibus
1173 814 1184 832 ‚
1214 784 1385 836 miffimtm
1412 783 1486 834 ait,
1513 784 1574 822 ubi

286 850 426 903 vidtffit
442 864 530 902 opus
551 849 624 901 effe.
649 861 777 899 neque
800 846 924 887 multo
950 847 1032 898 post
1048 846 1147 887 misit
1160 847 1372 898 quaefitum,
1386 863 1435 887 an
1448 848 1573 900 aliqua

287 914 537 966 reindigerent.
566 909 774 960 Consules,
800 909 902 949 elato
930 910 1029 960 regis
1056 910 1185 948 animo
1211 908 1369 958 offenfi,
1390 915 1575 961 praeterea.

288 974 395 1016 diffifi
408 1005 422 1022 ‚
436 982 619 1024 tanquam
643 973 739 1012 irato
754 1002 765 1022 ‚
780 970 879 1011 nihil
893 970 1184 1023 responderunt,
1198 970 1265 1010 nifi
1284 971 1457 1025 petituros
1467 995 1480 1020 -,
1498 985 1574 1009 cum

288 1035 466 1090 eguiffitnt.

352 1096 562 1138 XXXVII.
601 1095 647 1136 Et
676 1102 808 1134 tamen
841 1102 1061 1134 commeatu
1090 1107 1168 1133 non
1197 1095 1411 1134 admodum
1441 1092 1575 1144 amplo

287 1162 522 1209 utebantur,
548 1172 637 1199 cum
662 1167 812 1198 tantum
832 1159 1044 1199 Adrumeto
1059 1189 1068 1206 ‚
1085 1160 1120 1198 S„-
1138 1159 1266 1209 Lepti,
1289 1160 1326 1198 ἃ
1353 1159 1464 1199 Utica
1489 1158 1577 1198 sub-

290 1225 516 1272 veheretur,
553 1221 781 1272 duobusque
815 1221 967 1260 obscuri
999 1220 1168 1259 nominis
1197 1219 1376 1270 oppidis,
1408 1220 1516 1260 Saxo'
1539 1221 1577 1260 δε

291 1285 466 1328 Acholla.
493 1298 583 1324 nam
609 1291 734 1322 cetera
757 1283 914 1333 quidem
940 1282 1067 1322 Africa
1093 1289 1176 1320 tota
1193 1279 1443 1321 Hasdrubalis
1469 1290 1574 1321 erat:

290 1349 394 1399 isque
418 1360 475 1386 res
497 1344 717 1384 necessarias
742 1343 835 1382 inde
862 1343 1040 1383 mittebat
1055 1342 1338 1393 Carthaginem.
1374 1343 1473 1383 Cum
1496 1340 1578 1383 haec

291 1422 436 1463 paucos
457 1408 553 1446 intra
571 1406 651 1445 dics
673 1405 723 1444 fic
739 1405 839 1457 gesta
855 1405 1032 1453 fuissent,
1049 1405 1166 1446 ambo
1182 1404 1356 1444 consules
1373 1405 1420 1444 ad
1442 1404 1578 1444 urbem

292 1473 474 1514 Punicam
503 1470 748 1510 adduxerunt
773 1470 927 1520 copias,
959 1469 1287 1521 oppugnandiquc
1311 1469 1487 1508 fecerunt
1510 1468 1580 1507 ini.

292 1537 402 1576 tium.
429 1535 504 1576 Sed
521 1543 728 1585 antequam
751 1533 960 1573 obsidionis
980 1535 1064 1582 ejus
1081 1534 1163 1572 aeta
1187 1544 1335 1571 narrem
1350 1561 1360 1577 ,
1382 1530 1492 1569 situm
1516 1543 1583 1570 an-
1613 1558 1615 1560 -

292 1600 407 1649 ‹iquae
421 1596 676 1646 Carthaginis,
691 1595 812 1647 qualis
823 1627 834 1645 ‚
852 1609 928 1646 quo
944 1604 1120 1646 tempore
1146 1593 1461 1645 oppugnabatur,
1482 1593 1558 1632 fuit
1569 1624 1582 1643 ,

293 1660 494 1714 partesque
520 1659 623 1698 urbis
648 1659 879 1710 praecipuas,
896 1670 1019 1709 operae
1039 1658 1205 1707 pretium
1228 1655 1303 1703 cst,
1330 1668 1488 1703 eorum,
1516 1656 1580 1706 qui

294 1725 396 1764 hanc
425 1724 616 1762 historiam
645 1722 793 1773 legent,
820 1721 942 1761 oculis
970 1720 1178 1771 spectanda
1206 1724 1448 1769 pmponeoeq

362 1784 592 1826 XXXVIII.
623 1784 743 1838 Igitur
771 1784 915 1834 Magna
944 1781 1135 1832 Carthago
1165 1781 1231 1820 fita
1259 1780 1336 1819 fuit
1362 1781 1402 1819 in
1429 1778 1581 1830 spatiosi

293 1849 394 1887 {inus
411 1847 548 1886 intimo
571 1845 729 1892 recessu,
748 1846 785 1883 in
802 1843 1008 1895 peninsula:
1029 1843 1190 1895 figuram
1210 1855 1356 1881 annexa
1383 1842 1584 1880 continen-

295 1911 339 1949 ti.
366 1908 510 1956 cervix,
530 1920 611 1957 quae
627 1908 723 1945 inter
740 1907 818 1945 duo
836 1907 954 1945 maria
968 1905 1232 1955 protenditur,
1246 1917 1324 1942 non
1347 1902 1444 1942 ultra
1467 1904 1582 1943 trium

297 1969 463 2010 millium
488 1968 660 2019 pass'uum
686 1967 931 2006 latitudinem
956 1974 1073 2017 patet.
1102 1965 1180 2016 ipsa
1197 1963 1393 2016 peninsula
1411 1965 1581 2014 quinque

299 2035 336 2074 δε
359 2032 610 2083 quadraginta
632 2029 753 2070 millia
776 2031 815 2068 in
839 2030 1042 2069 circumitu
1062 2027 1202 2076 habet,
1226 2027 1332 2077 quod
1355 2035 1480 2066 totum
1503 2026 1584 2078 spa..

297 2095 397 2134 tium
420 2105 530 2132 muro
556 2100 634 2130 erat
658 2093 936 2142 permunitum.
968 2093 999 2131 A
1016 2091 1162 2129 cervice
1178 2088 1311 2139 lingua
1325 2087 1449 2139 passus
1475 2089 1584 2127 circi·

299 2166 357 2195 ter
375 2155 570 2206 sexaginta
594 2154 670 2193 lata
690 2154 730 2192 in
754 2153 1040 2204 longitudinem
1068 2153 1174 2192 haud
1200 2153 1379 2203 exiguam
1404 2149 1583 2191 occasum

302 2217 427 2257 versus
450 2216 662 2267 procurrit,
686 2229 768 2266 quae
790 2216 887 2254 inter
908 2228 1010 2253 mare
1032 2217 1066 2254 ὃ(
1091 2214 1273 2265 paludem
1302 2212 1460 2264 rupibus
1484 2226 1585 2263 prae-

301 2281 385 2321 altis
413 2282 537 2320 cincta
553 2293 630 2319 non
652 2279 717 2318 nisi
739 2278 897 2329 limplici
920 2277 1038 2317 lorica
1061 2278 1109 2317 ad
1127 2276 1286 2316 tutelam
1305 2275 1359 2314 sui
1379 2288 1488 2326 egere
1510 2274 1585 2314 visa

304 2339 428 2384 Fuerat
444 2374 455 2391 ‚
481 2341 545 2382 sed
575 2341 649 2393 qua
675 2342 876 2380 meridiem
903 2350 1116 2391 terramque
1145 2340 1338 2392 spectabat
1359 2339 1492 2385 locus,
1516 2338 1585 2378 ubi

302 2437 576 2528 ϋνςῑξῖζῖχνὶ.
603 2437 727 2471 Zonar.
753 2436 900 2481 Appiau.
942 2436 962 2479 §
990 2434 1162 2470 XXXVH.
1187 2433 1297 2468 strab.
1320 2434 1344 2467 1.
1363 2443 1415 2473 17.
1439 2432 1588 2477 Appian,
