1673 3052
230 191 309 242 IN
346 173 952 238 LOC.LIB.XL1X
995 188 1142 236 LIV.
1274 196 1371 252 333·

73 307 206 351 garet,
232 312 273 339 ut
298 299 504 353 injuriarum
520 329 532 346 ,
555 313 644 352 quas
673 297 862 348 neceffitate
886 300 1004 336 coabla
1024 297 1146 350 patria
1170 296 1370 348 ι’νιιιιῖἰψεῑ,1

72 362 207 400 oblitus
217 391 229 410 ‚
243 361 577 413 Carthaginienfium
589 361 773 412 imperator
784 361 885 398 rebus
891 359 989 411 foris
999 360 1158 412 gerendis
1173 358 1234 411 effe
1245 357 1363 398 vellet.

72 419 124 461 ln
143 421 238 461 urbe
262 433 353 460 cum
377 421 541 471 imperio
570 420 644 460 effe
669 419 789 470 jussus
815 419 912 459 alius
935 419 1176 469 Hasdrubal,
1194 416 1366 460 Masmis.

78 482 127 522 sae
154 481 235 522 filia
265 482 429 533 genitus.

129 546 301 587 XXXV.
320 546 392 586 His
409 546 461 585 ita
487 545 699 585 constitutis
712 576 723 593 ,
738 546 877 586 iterum
897 546 1071 596 legarunt
1092 546 1143 586 ad
1163 543 1364 595 consules,

0 651 3 663 ‚
73 610 265 661 petitum,
279 623 318 648 ut
333 611 483 648 induciae
501 609 648 662 triginta
668 611 796 648 dierum
809 610 988 647 mittendis
1002 612 1149 648 Romam
1171 610 1366 647 oratoribus

0 668 4 681 '
69 672 344 712 concederentur.
378 671 467 720 Qua
491 683 531 708 re
555 678 639 709 tum
665 683 819 720 quoque
847 670 1057 721 denegata,
1082 670 1232 721 prorsus
1258 671 1370 709 inau-

75 731 157 771 dita
172 731 331 771 audacia
351 731 550 770 infremuit
563 732 697 771 civitas
710 746 720 779 3
738 732 914 785 adeoque
929 731 1015 771 sunt
1027 732 1173 771 accenfi
1187 733 1367 772 omnium

73 792 220 841 animi,
234 801 277 832 ut
299 794 359 831 vel
370 793 410 831 in
431 793 572 846 defensa
588 795 707 846 patria
723 795 870 832 viHuros
886 795 963 847 sese
981 796 1131 833 dicerent
1144 824 1156 842 ‚
1176 794 1234 832 vel
1255 796 1293 832 in
1307 796 1368 832 de-

65 853 249 907 findenda
286 857 478 894 morituros.
524 855 660 905 Itaque
695 855 820 895 statim
849 855 1015 896 delubris
1051 856 1232 895 omnibus
1260 855 1368 896 aliis-

77 930 154 968 que
181 918 435 969 amplioribus
457 919 627 958 aedificiis
650 920 690 957 in
716 919 888 959 officinas
914 919 1088 970 publicas
1110 920 1248 966 versis,
1273 920 1368 970 viri,

28 1000 31 1001 ⁷
75 979 254 1028 feminae,
266 980 399 1030 pueri,
413 979 519 1018 senes
534 1010 545 1027 ,
561 993 638 1019 non
661 981 741 1028 die,
758 994 836 1019 non
850 984 969 1021 not‘tu
984 982 1193 1020 intermiffo
1209 981 1339 1021 labore
1351 1013 1367 1029 ‚

75 1041 191 1080 armis
213 1040 446 1080 fabricandis
474 1040 711 1080 insudabant.
737 1043 798 1088 &‚
816 1055 864 1080 ne
888 1043 993 1092 quod
1013 1052 1163 1092 tempus
1186 1043 1233 1081 ab
1250 1055 1366 1092 opere

76 1109 254 1148 vacaret,
276 1101 492 1140 dimensum
517 1115 597 1140 non
621 1102 755 1149 fimul,
773 1103 838 1142 sed
859 1116 933 1154 per
951 1113 1098 1153 partes,
1119 1104 1186 1142 suo
1208 1104 1365 1155 quisque

75 1173 253 1215 tempore
275 1160 503 1216 accipiebat.
535 1166 625 1206 Hoc
647 1165 771 1204 studio
789 1167 961 1216 quotidie
983 1166 1087 1205 scuta
1103 1167 1367 1206 efficiebantur

75 1234 238 1265 centena
256 1226 519 1277 quadragena,
534 1227 650 1278 gladii
666 1228 833 1267 treceni:
859 1227 949 1273 tela,
968 1241 1050 1277 quae
1069 1228 1254 1268 machinis
1277 1230 1369 1268 mit-

76 1295 225 1337 tuntur,
242 1287 419 1328 millena:
448 1289 605 1340 tragulae
627 1289 819 1328 &lanceae
844 1291 1067 1339 quingente,
1091 1298 1173 1328 tum
1194 1290 1366 1340 catapul-

74 1358 203 1390 tarum
230 1360 419 1402 quantum
442 1360 605 1403 poterat.
630 1353 679 1391 ad
701 1365 796 1402 quas
821 1354 1038 1392 tendendas
1061 1356 1148 1404 quia
1171 1355 1367 1394 funiculo..

77 1425 163 1451 rum
193 1421 273 1452 erat
296 1412 452 1464 inopia,
476 1415 644 1464 primum
679 1413 837 1452 ancillas
850 1414 1051 1463 eraserunt,
1080 1413 1123 1454 οἳ
1157 1429 1205 1455 ex
1233 1430 1367 1457 earum

77 1473 229 1525 capillis
247 1483 541 1526 torquerentur;
562 1488 653 1514 mox
674 1477 790 1514 etiam
807 1485 991 1523 matronze
1016 1477 1138 1516 crines
1155 1478 1241 1517 suos
1262 1476 1368 1518 hunc
1389 1510 1395 1514 ,

75 1536 126 1575 ad
147 1535 260 1575 usum
284 1536 493 1576 contulere.
536 1537 633 1576 ferro
666 1538 806 1577 deinde
830 1539 865 1579 Sc
893 1553 986 1587 aere,
1013 1542 1121 1589 cujus
1152 1541 1369 1591 antiquitus

76 1598 133 1637 vis
167 1611 305 1649 magna
340 1599 379 1638 in
414 1599 597 1639 thesauris
633 1599 802 1650 publicis
840 1601 1103 1651 superfuerat,
1136 1604 1366 1654 deficiente,

76 1657 215 1697 statuas
239 1659 443 1708 conflatas,
468 1663 504 1700 δε
528 1673 598 1711 pro
613 1660 748 1700 viliore
769 1661 925 1701 metallo
950 1675 1086 1702 aurum
1103 1666 1139 1704 6:
1163 1674 1365 1715 argentum

79 1718 328 1767 adhibitum,
348 1723 509 1772 reperio.

133 1782 324 1824 XXXVI.
339 1785 388 1824 At
413 1797 461 1824 ex
489 1785 634 1826 diversa
659 1795 767 1837 parte
791 1787 982 1838 consules,
1006 1788 1080 1827 five
1103 1796 1146 1828 ut
1167 1792 1366 1841 poeniten-

77 1845 140 1884 tiae
160 1844 325 1895 spatium
348 1846 568 1886 furentibus
591 1848 746 1894 darent,
765 1849 838 1888 five
855 1849 990 1889 urbem
1009 1851 1197 1892 inermem
1211 1883 1222 1901 ,
1245 1867 1364 1903 quan-

80 1908 286 1958 docunque
308 1906 501 1958 libuisset,
518 1910 604 1960 capi
630 1910 733 1960 poss‘e
758 1911 1035 1960 existimantes,
1061 1913 1191 1952 adhuc
1212 1920 1366 1956 cuncta-

80 1970 231 2010 bantur.
252 1970 358 2020 quod
372 1971 475 2009 enim
490 1982 592 2010 notae
608 1981 717 2011 erant
734 1973 969 2012 neceffitates
986 1974 1369 2028 Carthaginienfium,

79 2042 306 2073 eventurum
329 2033 556 2081 credebant,
576 2036 680 2085 quod
708 2034 829 2084 solet,
855 2044 896 2075 ut
921 2038 986 2087 qui
1003 2050 1070 2088 pro
1095 2041 1294 2080 atrocitate
1314 2041 1369 2080 rei

77 2095 291 2146 plurimum
318 2095 594 2146 indignationis
619 2097 743 2137 statim
768 2110 1050 2149 conceperant,
1075 2114 1114 2139 re
1139 2101 1365 2150 diligentius

56 2155 244 2207 'expensa
261 2157 309 2195 ad
332 2156 559 2208 obsequium
580 2159 718 2199 timore
735 2159 1032 2201 descenderent:
1055 2161 1258 2212 praesertim
1276 2177 1367 2204 cum

80 2218 197 2256 etiam
221 2217 449 2269 Carthagine
470 2220 683 2270 quendam,
706 2230 747 2260 ut
773 2223 820 2261 de
846 2222 918 2261 alia
943 2236 982 2261 re
1007 2223 1198 2261 dicturum
1213 2254 1223 2271 ,
1241 2224 1365 2263 surre-

79 2279 170 2319 xiffe
187 2280 471 2331 comperissent,
486 2284 566 2332 qui,
584 2283 633 2322 ad
650 2284 874 2334 praesentem
892 2285 1055 2324 civitatis
1072 2285 1268 2324 fortunam
1283 2300 1365 2325 ora-

135 2406 157 2449 §
181 2406 657 2452 XXXIV.L1v.Ep‘1t.F10r.
684 2420 725 2449 2,
752 2421 788 2443 ι·
834 2409 961 2442 Zonar.
987 2409 1132 2454 Appian.
1169 2410 1191 2452 §
1221 2410 1363 2443 XXXV.

80 2450 206 2483 Zonar
229 2449 331 2483 Oros.
358 2463 397 2491 4,
422 2464 475 2484 22.
498 2454 605 2485 Strab.
625 2455 646 2486 1.
668 2464 705 2491 ιτ
711 2455 853 2489 .Ftont,
881 2455 985 2490 Strat.
1008 2467 1018 2487 1
1038 2456 1098 2498 ,.8
1120 2455 1255 2494 Herus,
1270 2455 1363 2493 Pluc.

79 2496 122 2530 de
144 2507 175 2530 v.
196 2506 261 2530 aere
282 2496 393 2531 alieno
418 2509 491 2542 cup.
515 2508 546 2543 3.
568 2498 716 2542 Appian.
