1673 3052
240 201 783 250 HISTORIARUM
820 203 939 248 LlB.
977 202 1116 250 XLll.
1280 218 1341 265 79

59 309 172 373 giuti
204 320 399 373 quatuor
433 306 712 372 primoribus
745 308 947 371 equitum
980 324 1035 356 ex
1075 308 1142 356 ala
1163 344 1177 366 ,
1214 326 1352 372 quam

58 383 236 428 Sacram
255 390 429 428 vocant
443 413 456 434 ‚
487 378 605 425 inter
632 394 748 443 quos
770 379 1064 427 Antimachus
1083 379 1214 426 etiam
1235 397 1353 442 prae-

59 454 200 503 fectus
237 455 319 502 alae
347 453 544 512 cecidit,
579 453 704 500 abire
737 466 976 502 conantur.
1014 456 1231 502 Ceterum
1267 454 1353 501 iter

59 545 207 608 prope
234 527 332 591 ipso
351 526 519 590 proelio
545 527 862 575 tumultuosius
896 527 997 576 fuit.
1027 527 1249 587 Phalanx,
1275 529 1353 577 abs

59 600 240 664 trepido
262 600 428 647 nuntio
457 597 625 657 accita,
651 615 755 645 cum
776 599 938 662 raptim
960 599 1200 646 duceretur
1215 601 1238 658 ,²
1258 601 1352 663 pri-

61 689 141 720 mo
167 674 214 720 in
233 672 445 737 angustiis
471 672 762 736 captivorum
795 672 961 736 agmini
991 672 1141 720 oblata
1163 674 1354 722 vehicu-

61 745 203 810 lisque
221 746 453 793 frumento
476 745 648 792 onustis
671 765 682 793 :
712 746 767 793 iis
788 745 907 792 caefis
921 781 934 805 ,
956 745 1112 809 ingens
1132 745 1195 793 ibi
1215 764 1355 795 vexa-

62 820 132 868 tio
160 819 298 884 partis
324 818 552 882 utriusque
571 818 681 876 fuit,
702 818 832 866 nullo
853 817 1132 881 exspectante
1148 855 1163 877 ,
1185 833 1356 868 utcun-

62 912 152 959 que
181 894 480 958 explicaretur
504 909 665 956 agmen
678 928 701 951 ,⁷
724 892 795 939 sed
818 893 996 939 armatis
1015 893 1354 942 detrudentibus

63 986 144 1034 per
169 983 368 1032 praeceps
398 965 748 1029 impedimenta,
783 964 963 1030 (neque
988 965 1107 1013 enim
1129 966 1255 1013 aliter
1279 968 1356 1017 via

65 1040 230 1105 aperiri
259 1038 469 1103 poterat)
500 1038 743 1101 jumentis,
774 1055 878 1085 cum
908 1038 1241 1086 stimularentur
1261 1075 1275 1099 ‚
1307 1040 1355 1089 in

66 1110 198 1162 {urba
217 1112 518 1161 saevientibus.
551 1112 643 1158 Vix
670 1113 725 1158 ab
744 1111 988 1159 incondito
1008 1113 1184 1176 agmine
1212 1115 1355 1177 capti-

66 1204 233 1236 vorum
253 1184 544 1249 expedierant
573 1183 662 1231 sese
676 1220 690 1244 ,
721 1202 821 1232 cum
841 1184 967 1248 regio
987 1185 1155 1248 agmini
1174 1188 1355 1248 percul-

66 1259 209 1323 sisque
234 1257 461 1322 equitibus
482 1268 744 1305 occurrunt.
778 1257 843 1304 lbi
863 1274 979 1305 vero
1001 1258 1175 1304 clamor
1197 1260 1358 1320 juben-

67 1334 180 1380 tium
206 1332 370 1380 referre
387 1331 507 1394 figna
525 1330 667 1377 ruinae
685 1346 874 1394 quoque
892 1347 1037 1393 prope
1060 1331 1245 1379 fimilem
1264 1346 1356 1381 tre-

69 1405 348 1468 pidationem
377 1402 516 1449 fecit:
547 1413 625 1459 ut,
650 1401 681 1446 si
710 1402 886 1461 hostes,
918 1402 1110 1449 introire
1136 1405 1356 1468 angustias

70 1476 185 1534 ausi,
216 1476 397 1540 longius
423 1473 612 1522 insecuti
637 1474 799 1532 effent,
834 1492 995 1538 magna
1031 1476 1178 1524 clades
1213 1478 1357 1542 accipi

71 1549 287 1614 potuerit.
304 1548 499 1606 Consul,
518 1563 702 1611 recepto
721 1565 776 1594 ex
796 1549 975 1595 tumulo
994 1549 1200 1612 praefidio
1215 1588 1228 1610 ‚
1250 1569 1359 1599 con-

71 1635 220 1670 tentus
249 1623 436 1671 modico
463 1622 691 1682 successu,
721 1622 767 1668 in
805 1622 943 1669 castra
980 1623 1134 1685 copias
1166 1626 1358 1676 reduxit,

72 1699 204 1754 Sunt,
230 1697 308 1762 qui
335 1714 390 1744 eo
412 1697 485 1743 die
510 1713 675 1760 magno
698 1696 866 1760 proelio
888 1709 1135 1759 pugnatum
1153 1700 1358 1747 atn&ores

71 1770 171 1817 sint.
196 1771 302 1816 οᾶὶο
322 1770 463 1816 millia
486 1769 680 1816 hostium
707 1769 816 1817 caesa
835 1805 848 1828 ,
875 1769 921 1815 in
948 1769 1014 1816 his
1038 1771 1279 1833 Sopatrum
1307 1774 1358 1821 δε

74 1842 363 1904 Antipatrum
380 1842 530 1906 regios
550 1842 706 1889 duces:
730 1841 870 1909 vivos
892 1854 1050 1905 captos
1071 1843 1246 1891 circiter
1264 1846 1358 1892 duo

74 1914 214 1961 millia
233 1914 520 1978 octingentos
537 1951 550 1972 ‚
579 1913 699 1978 signa
720 1914 929 1961 militaria
956 1927 1084 1978 capta
1103 1916 1267 1980 viginti
1293 1918 1360 1964 se-

74 1999 212 2051 ptem.
239 1988 337 2034 Nec
354 1986 633 2034 incruentam
653 1987 892 2034 vicloriam
912 1988 1036 2035 fuiffe
1054 2007 1064 2035 ε
1101 1990 1228 2052 supra
1246 2008 1359 2055 qua-

75 2074 182 2108 t-uor
207 2061 347 2108 millia
373 2063 423 2108 &
440 2072 671 2107 trecentos
704 2062 757 2107 de
784 2063 986 2121 exercitu
1012 2064 1211 2111 consulis
1237 2066 1358 2112 ceci-

75 2134 207 2182 diffie:
230 2134 347 2198 signa
367 2132 545 2180 finistrae
564 2134 644 2180 alae
664 2136 864 2199 quinque
892 2137 1053 2184 amiffa.

140 2209 323 2255 LXVII.
352 2209 438 2256 Hic
468 2209 560 2254 dies
580 2210 629 2256 &
651 2209 868 2256 Romanis
897 2211 1053 2257 refecit
1082 2211 1286 2271 animos,
1311 2213 1361 2260 &

77 2282 228 2329 Persea
257 2284 476 2346 perculit,
502 2295 577 2342 ut,
600 2283 692 2330 dies
721 2301 888 2347 paucos
916 2286 970 2331 ad
1000 2286 1226 2349 Mopsium
1258 2304 1361 2333 mo·-

77 2367 223 2414 ratus,
246 2356 482 2419 sepulturae
503 2357 699 2403 maxime
728 2358 920 2406 militum
943 2359 1200 2406 amissorum
1229 2377 1360 2418 cura,

77 2428 284 2492 praesidio
303 2429 403 2477 satis
426 2430 583 2476 valido
609 2432 663 2477 ad
682 2434 901 2478 Gonnum
932 2433 1088 2478 reliilo
1104 2468 1116 2490 ‚
1139 2433 1183 2478 in
1207 2434 1361 2479 Mace-

77 2503 264 2550 doniam
284 2503 505 2567 reciperet
535 2505 705 2567 copias.
736 2504 1030 2551 Timotheum
1061 2506 1283 2569 quendam
1305 2520 1361 2553 ex
