1673 3052
274 186 332 235 -18
634 177 866 228 T1T1
932 175 1213 225 nt-tht
1260 188 1295 227 22
1389 155 1600 221 wnjg

273 308 411 357 quam
441 289 568 354 quod
604 290 653 336 &
690 288 752 335 ita
790 285 998 334 credebat
1034 285 1265 342 futurum3
1300 280 1389 343 jam
1429 278 1564 328 etiam

272 366 492 422 volebat,
524 365 572 410 in
605 362 720 408 ssot-e
754 360 922 409 virium
950 358 992 406 se
1023 358 1207 406 credens
1238 354 1338 403 effe.
1373 351 1566 400 Eumeni

277 453 380 492 ante
410 453 568 484 omnes
591 434 776 482 infestus
795 446 915 480 erat:
946 449 971 478 a
1000 430 1128 492 cujus
1150 427 1363 493 sanguine
1383 425 1568 488 ordiens

276 510 445 557 bellum
461 544 475 567 ‚
494 507 756 555 Evandrum
773 503 1033 554 Cretensem
1047 539 1061 561 ,
1078 502 1241 550 ducem
1260 498 1534 550 auxiliorum
1553 532 1568 554 ,

268 583 330 628 ,δέ
352 580 625 627 Macedonas
644 591 732 625 tres
748 613 762 636 ,
784 577 976 625 assuetos
994 570 1432 622 ministeriistalium
1461 567 1570 617 faci.-

277 670 446 700 norum
468 688 482 710 ,
518 652 573 698 ad
611 650 778 698 caedem
812 649 927 712 regis
959 647 1202 695 subornat:
1237 641 1472 706 literasque
1505 640 1572 687 eis

279 727 356 774 dat
387 726 443 772 ad
473 726 623 772 Praxo
656 722 880 784 hospitam
900 754 915 779 ‚
951 719 1203 783 principem
1235 711 1493 763 anaoritate
1521 714 1574 760 &

281 798 448 862 opibus
464 796 771 858 Delphorum.
802 793 915 840 Satis
940 791 1176 840 constabat
1191 827 1206 848 ‚
1226 792 1500 846 Eumenem,
1523 799 1579 834 ut

282 868 549 918 sacrificaret
566 865 794 930 Apollini,
810 864 1019 928 Delphos
1037 861 1333 910 ascensurum.
1355 859 1574 923 Progreffi

283 960 389 990 cum
408 940 625 989 Evandro
656 937 934 985 insidiatores
951 973 967 994 ,
994 935 1110 982 nihil
1128 933 1250 981 aliud
1279 932 1335 980 ad
1362 948 1577 996 peragen·
1647 955 1654 968 κ

285 1016 395 1064 dum
422 1015 654 1076 inceptum
671 1049 685 1069 ,
714 1027 847 1074 quam
866 1009 960 1056 loci
985 1006 1405 1071 opportunitatem,
1425 1004 1579 1053 omnia

286 1088 649 1142 circumeuntes,
685 1081 960 1146 quaerebant.
997 1077 1350 1127 Ascendentibus
1383 1077 1440 1124 ad
1469 1089 1578 1124 tem·-

276 1161 415 1225 -plum
439 1178 463 1206 a
478 1158 661 1214 Cirrha,
680 1154 939 1219 priusquam
958 1153 1268 1216 perveniretur
1288 1150 1345 1197 ad
1365 1149 1580 1213 frequen-

288 1234 351 1280 tia
376 1231 577 1278 aedificiis
598 1231 698 1277 loca
718 1265 731 1285 ,
749 1226 942 1275 maceria
960 1237 1055 1274 erat
1073 1226 1128 1273 ab
1148 1225 1265 1271 laeva
1285 1222 1452 1270 semitae
1473 1236 1581 1285 pau·-

289 1306 385 1353 lum
416 1304 591 1351 exstans
620 1320 644 1348 a
671 1300 969 1346 fundamento
990 1334 1004 1356 ,
1037 1315 1125 1361 qua
1143 1295 1304 1360 singuli
1322 1294 1584 1348 transirent3

291 1380 451 1425 dextra
485 1391 586 1438 pars
608 1374 705 1420 labe
729 1371 929 1418 terracin
951 1370 1233 1432 aliquantum
1251 1365 1500 1413 altitudinis
1517 1365 1583 1412 di-

292 1462 395 1498 ruta
425 1461 532 1494 erat.
567 1446 668 1509 post
700 1443 939 1491 maceriam
974 1441 1016 1488 se
1047 1440 1348 1496 abdiderunt,
1377 1437 1586 1501 gradibus

293 1522 554 1578 adstructis,
586 1531 634 1565 ut
665 1535 719 1564 ex
750 1533 829 1573 ea,
866 1516 993 1563 velut
1024 1530 1048 1560 e
1077 1529 1239 1569 muro,
1272 1509 1360 1557 tela
1388 1509 1436 1556 in
1468 1526 1586 1572 prae-

293 1606 544 1644 tereuntem
582 1591 877 1653 conjicerent.
921 1588 1075 1634 Primo
1110 1603 1136 1632 a
1170 1583 1283 1632 mari
1319 1581 1588 1631 circumfusa

293 1668 430 1716 turba
463 1664 713 1712 amicorum
746 1679 798 1709 ac
825 1660 1062 1708 satellitum
1095 1655 1397 1720 procedebat:
1427 1653 1588 1702 deinde

295 1738 599 1789 extenuabant
625 1735 838 1798 paulatim
859 1731 1070 1795 angustia:
1089 1746 1260 1793 agmen.
1295 1727 1387 1775 Ubi
1397 1726 1465 1781 ,ad
1485 1743 1588 1774 eum

293 1816 453 1861 locum
478 1824 665 1859 ventum
698 1808 760 1855 est
775 1844 787 1865 ‚
815 1824 901 1870 qua
922 1806 1104 1870 singulis
1126 1803 1326 1851 eundum
1349 1814 1443 1849 erat
1458 1836 1474 1858 ,
1493 1801 1591 1865 pri*

296 1903 397 1936 mus
415 1884 614 1932 semitam
636 1880 851 1944 ingressus
871 1878 1121 1926 Pantaleon
1146 1876 1326 1923 AEtoliae
1352 1875 1589 1938 princeps,

295 1978 403 2008 cum
429 1975 522 2022 quo
557 1956 784 2002 institutus
810 1953 904 2017 regi
935 1952 1081 1999 sermo
1115 1962 1223 1998 erat.
1259 1951 1382 1997 Tum
1410 1947 1590 1994 infidia-

298 2047 423 2080 tores
454 2028 604 2076 exorti
641 2026 742 2072 saxa
779 2026 870 2071 duo
906 2023 1105 2088 ingentia
1140 2020 1434 2068 devolvunt:
1470 2037 1591 2084 quo-

296 2125 397 2155 rum
435 2106 576 2152 altero
609 2114 743 2164 caput
778 2100 913 2146 icium
946 2099 1008 2146 est
1040 2097 1134 2161 regi
1156 2133 1170 2154 ‚
1203 2096 1346 2142 altero
1380 2096 1592 2143 humerus

302 2182 488 2243 sopitus.
527 2195 583 2224 ex
619 2176 769 2223 semita
808 2173 1011 2237 proclivi
1043 2172 1091 2218 in
1128 2170 1305 2217 declive
1340 2168 1492 2216 multis
1525 2167 1592 2214 su-

303 2271 383 2318 per
415 2249 674 2315 prolapsum
706 2248 790 2310 jam
822 2245 934 2292 saxis
964 2242 1216 2306 congestis,
1250 2243 1298 2288 &
1325 2240 1462 2287 ceteri
1492 2240 1595 2304 qui·-

304 2325 407 2371 dem
436 2322 569 2368 etiam
603 2319 853 2366 amicorum
876 2319 924 2363 ὃς
960 2313 1222 2369 satellitum,
1258 2310 1494 2373 postquam
1525 2327 1594 2356 ca·

307 2399 487 2444 (lentem
505 2395 681 2449 videre,
698 2392 849 2453 diffugi
859 2403 938 2436 unt
949 2427 962 2448 ‚
976 2390 1218 2436 Pantaleon
1229 2383 1496 2432 >constanter
1511 2383 1594 2431 im·

310 2470 503 2532 pavidus
522 2466 680 2516 mansit
699 2465 755 2513 acl
783 2463 1111 2529 protegendum
1136 2474 1302 2524 regem.
