1673 3052
295 185 837 232 H1sToR1ARUM
873 187 997 232 Lm.
1032 187 1194 233 xmv.
1282 200 1367 247 139

88 290 196 353 quid
205 292 352 348 aliter,
382 308 506 351 quarn
535 289 612 351 ipfi
636 291 839 348 censuere,
856 290 1021 349 fabium
1050 291 1137 357 est,
1161 292 1368 353 consulem

86 365 211 409 veluti
228 363 338 410 diffa
355 365 422 409 die
439 362 648 422 accusant.
683 364 786 408 Haec
806 380 963 425 magna
991 366 1281 424 impedimenta
1303 380 1365 408 res

83 439 314 498 gerentibus
324 437 445 497 sunt.
476 454 550 482 nee
576 437 683 482 enim
704 454 845 481 omnes
874 453 961 481 tam
978 437 1100 494 firmi
1120 434 1162 482 δ’
1180 436 1369 501 constan-

86 512 144 555 tis
174 513 309 556 animi
327 526 470 557 contra
490 511 705 571 adversum
724 529 924 557 rumorem
944 509 1018 573 effe
1027 508 1198 574 poffitnt
1210 546 1225 567 ,
1244 528 1368 571 quam
1426 563 1430 572 Ι

86 583 245 630 Fabius
262 583 386 642 fuit:
418 587 489 645 qui
511 584 642 644 suum
675 587 890 643 imperium
925 584 1064 628 minui
1086 601 1165 644 per
1196 586 1369 629 vanita-

86 671 164 701 tem
192 659 342 716 populi
370 659 548 710 maluit,
576 672 700 716 quam
709 656 898 715 secunda
912 655 1043 714 fama
1073 660 1180 701 male
1199 675 1278 701 rem
1296 674 1370 717 ge-

85 746 178 774 rere.
216 731 319 774 Non
329 729 430 789 sum
459 731 498 774 is
512 764 530 785 ,
551 730 623 790 qui
642 746 729 774 non
749 730 970 796 existimem
987 731 1271 774 admonendos
1290 731 1369 774 du-

87 802 149 846 ces
174 798 277 863 effe:
301 803 429 847 immo
456 819 546 846 eum
563 836 577 856 ‚
608 802 678 861 qui
695 802 837 860 desua
856 803 982 847 unius
990 803 1202 862 fintentia
1224 805 1367 848 omnia

84 889 228 934 gerat,
239 874 472 934 superbum.
487 870 630 929 judicio
656 877 819 935 magis,
840 894 961 936 quam
976 876 1220 937 sapientem.
1251 877 1372 936 Quid

85 961 178 1006 ergo
202 946 286 1010 est?
315 947 505 993 Primum
524 965 551 991 a
562 949 861 1007 prudentibus>
887 945 1105 1010 &proprie
1131 952 1187 995 rei
1204 952 1369 995 milita-

87 1021 148 1064 ri's
166 1023 311 1079 peritis
326 1041 343 1074 ·,
367 1017 410 1066 δ’
439 1020 525 1080 usu,
548 1019 680 1077 doc‘lis
698 1053 711 1074 ,
739 1012 935 1066 monendi
960 1024 1219 1082 imperatores
1239 1024 1371 1079 sunt.-

87 1093 233 1138 deinde
255 1095 308 1138 ab
340 1093 431 1149 his,
460 1092 534 1152 qui
560 1092 764 1151 intersunt
788 1095 972 1154 gerendis
992 1097 1011 1116 ⁴‘
1040 1099 1129 1140 loco
1146 1130 1158 1151 ,
1189 1098 1258 1156 qui
1288 1098 1368 1141 ho-

71 1163 178 1229 stem
193 1197 209 1220 ,
240 1166 310 1225 qui
324 1179 564 1224 4temporu7u
590 1167 937 1223 opportunitatem
957 1168 1123 1222 vident,
1147 1168 1220 1226 qui
1238 1169 1283 1212 in
1303 1186 1368 1213 eo·

82 1238 173 1282 dem
187 1241 298 1284 velut
313 1241 485 1300 navigio
497 1239 722 1299 participes
734 1238 842 1299 fiant
856 1242 1042 1300 periculi.
1064 1243 1208 1301 Itaque
1220 1241 1264 1304 si
1277 1245 1369 1303 quis

17 1311 21 1316 ’
84 1311 159 1375 est,
178 1313 281 1372 qui,
312 1316 424 1373 quod
450 1314 698 1372 erepublica
711 1312 801 1376 fit,
823 1314 1003 1374 suadere
1025 1315 1076 1375 se
1108 1316 1217 1360 mihi
1247 1318 1292 1361 in
1322 1335 1368 1361 eo

84 1387 214 1444 bello,
237 1390 352 1447 quod
361 1387 540 1449 gesturus
547 1388 649 1447 sum
663 1422 676 1444 ,
708 1389 889 1446 confidat
905 1407 925 1443 ;
955 1407 1005 1434 ne
1022 1391 1183 1450 deneget
1203 1407 1367 1450 operam

84 1459 337 1518 reipublicae5
370 1457 414 1506 ὃ·
445 1461 503 1504 in·
521 1461 819 1505 Macedoniarn
854 1478 1008 1506 mecum
1042 1463 1195 1507 veniat.
1229 1480 1367 1518 nave,

84 1549 183 1591 equo
195 1533 223 1588 ‚T
245 1533 534 1589 tabernaculo,
565 1535 719 1577 viatico
752 1534 876 1578 etiam
899 1550 927 1577 a
958 1551 1021 1579 me
1042 1534 1272 1589 juvabitur.
1315 1538 1368 1581 Si

84 1622 201 1667 quem
218 1609 283 1652 vid
297 1606 564 1668 fizcerepiget
582 1641 595 1662 ‚
628 1604 669 1652 δ’
693 1609 821 1652 otium
840 1609 1041 1652 urbanum
1069 1611 1225 1654 militiae
1250 1612 1370 1655 labo-

86 1680 201 1724 ribus
217 1674 445 1740 praeoptat‚
466 1698 492 1724 ·e
515 1696 620 1724 terra
644 1699 695 1724 ne
710 1682 1005 1740 gubernaverit.
1034 1684 1276 1727 Sermonum
1284 1682 1367 1743 stt-

85 1756 143 1799 tis
179 1756 272 1815 ipsa
301 1759 459 1815 praebet.
484 1757 593 1802 urbs.
636 1757 944 1816 loquacitatem.
950 1756 1081 1816 suam
1119 1757 1329 1801 contineat
1347 1769 1366 1803 ,⁰

84 1845 165 1873 nas
198 1827 474 1888 castrensibus.
496 1827 682 1892 confiliis
709 1844 915 1874 contentos
938 1827 1110 1886 futuros
1143 1825 1213 1890 effe
1237 1828 1365 1888 fiiat.

11 1947 14 1950 ,
82 1898 154 1945 Ab
181 1898 268 1946 hac
293 1899 521 1947 concione
540 1936 555 1957 ‚
589 1898 758 1945 La'tinis
780 1934 794 1955 ,
828 1916 930 1962 quae
960 1898 1103 1961 pridie
1137 1899 1364 1946 Kalendas

83 1970 259 2033 Apriles
279 1971 462 2018 fuerunt
478 2007 492 2030 ‚
518 1971 566 2017 in
594 1983 750 2017 monte
776 1970 996 2018 sacrificio
1022 1971 1107 2018 rite
1133 1985 1364 2033 perpetra-

83 2056 164 2098 to,
189 2043 401 2106 protinus
430 2045 534 2091 inde
567 2046 623 2092 &
643 2042 799 2091 consul
830 2045 880 2091 &
914 2060 1084 2107 praetor
1111 2045 1196 2092 Cn.
1223 2045 1364 2090 Οξὶει-

81 2114 193 2178 viup
221 2115 271 2162 in
306 2117 625 2164 Macedoniam
660 2116 849 2179 profeffl
883 2117 995 2164 sunt.
1034 2115 1269 2163 Traditum
1301 2115 1364 2162 est

81 2187 340 2247 memoriae,
370 2188 570 2250 majore,
605 2206 738 2252 quam
759 2188 914 2248 solita,
937 2188 1186 2252 frequentia
1208 2188 1358 2251 prose·

80 2261 313 2323 qttentium
335 2263 566 2310 consulem
588 2263 887 2319 celebratum3
916 2280 967 2310 ac
994 2280 1134 2326 prope
1152 2275 1268 2311 certa
1286 2261 1362 2324 spe

79 2333 309 2380 ominatos
331 2336 414 2380 efi'e
434 2336 641 2382 homines
655 2371 671 2394 ,
692 2334 825 2382 finem
847 2336 932 2382 effe
948 2335 1249 2382 Macedonico
1268 2333 1362 2379 bel·

79 2403 154 2462 lo,
191 2418 509 2471 maturumque
546 2408 738 2455 reditum
773 2425 875 2457 cum
911 2407 1093 2472 egregio
1127 2405 1360 2470 triumpho

79 2477 275 2526 consulis
303 2477 417 2527 fore.
