1673 3052
296 196 398 260 -378
461 200 553 247 50.
589 197 1087 245 FRElNSHEMu
1131 197 1520 269 SUPPLEMp

303 305 536 353 duodecim,
563 303 864 355 propugnaculis
891 311 1005 355 atque
1036 304 1205 345 turribus
1229 317 1298 356 per
1327 304 1500 357 legitima
1521 307 1584 346 ‘in-4

301 367 458 407 tervalla
478 366 810 417 prominentibus:
837 378 933 414 una,
951 379 1032 417 quae
1056 367 1094 405 in
1109 367 1240 406 medio·
1254 375 1348 415 erat,
1367 366 1585 418 celfiffima,

301 432 364 469 cui
391 429 542 481 insuper
562 442 608 468 ex
637 430 793 469 materia
823 428 937 467 aliam
973 428 1152 468 tabulatis
1177 437 1342 479 quatuor
1365 429 1582 481 surgentem

300 491 556 541 imposuerat,
580 492 685 530 unde
709 489 898 541 quidquid
925 491 964 529 in
990 489 1083 529 urbe
1113 498 1239 530 rerum
1269 500 1466 542 ageretur,
1488 502 1585 531 ocu.

299 551 348 592 lis
370 552 505 602 subjici
531 551 668 603 posset.

355 622 446 663 XII.
480 623 551 663 His
580 622 677 660 intra
711 621 815 660 diem
844 619 1067 659 vicesimum
1099 618 1243 660 effectis
1270 618 1446 673 (summa
1474 621 1580 661 enim

300 685 550 724 contentione
583 683 776 732 militum,
802 682 1021 723 alternatim
1049 695 1148 733 opus
1179 685 1215 722 δε
1243 695 1348 722 arma
1381 683 1582 734 capess'en-

297 749 422 796 tium,
441 747 551 799 supra
580 748 748 800 ipsorum
783 745 1023 796 hostiumque
1050 744 1376 796 exspefftationem
1402 757 1459 784 res
1486 758 1582 796 pro-

290 808 484 859 'cefferat)
511 810 727 848 exercitum
756 806 914 846 induxit
940 805 1097 854 consul,
1124 805 1269 857 duplex
1297 805 1346 845 ab
1369 805 1507 845 eodem
1528 805 1583 845 Ia-

297 872 391 912 bore
413 873 667 913 commodum
690 870 888 911 assecutus.
913 872 1015 912 Nam
1042 873 1077 911 Sc
1104 871 1230 911 castris
1252 879 1506 922 opportunam
1527 869 1582 910 se-

295 938 385 976 dem
407 938 543 977 eadem
568 937 808 977 munimenta
834 935 1076 987 praebebant3
1100 938 1134 976 ἃ
1158 936 1240 975 viee
1263 933 1586 975 circumvauatio-

293 998 351 1038 nis
382 1000 489 1039 omni
514 1013 536 1038 a
559 1006 658 1039 terra
684 999 790 1038 aditu
813 997 993 1045 occluso,
1022 997 1201 1038 arcebant
1225 1003 1487 1045 commeatus,
1512 994 1578 1047 qui

292 1059 477 1101 hactenus
501 1074 545 1101 ea
573 1068 679 1112 parte
711 1059 840 1100 inferri
867 1061 906 1099 in
932 1059 1069 1099 urbem
1102 1059 1394 1099 consueverant.
1425 1057 1583 1108 Magnae

292 1131 421 1162 tamen
437 1123 568 1162 adhuc
590 1123 703 1163 molis
728 1130 809 1163 erat
833 1123 1004 1162 obfidio:
1023 1136 1109 1162 cum
1135 1123 1325 1162 moenium
1346 1122 1580 1171 inexpugna-

293 1183 379 1223 bilis
399 1185 597 1224 firmitudo
620 1185 738 1224 etiam
760 1197 779 1224 a
802 1186 974 1224 maximo
989 1193 1319 1236 propugnatorum
1335 1195 1494 1222 numero
1512 1183 1580 1222 de-

291 1245 537 1294 fenderetur3
572 1260 668 1297 quos
699 1245 827 1285 adhuc
849 1260 869 1285 a
891 1245 1029 1297 Bithya
1059 1245 1228 1284 submiffi
1258 1251 1497 1284 commeatus
1519 1243 1582 1284 su-

292 1306 518 1347 stentabant.
534 1306 799 1358 Redigebatur
818 1314 948 1346 tamen
966 1306 1143 1357 quotidie
1156 1318 1310 1345 annona
1329 1306 1369 1344 in
1390 1304 1483 1345 urbe
1498 1306 1580 1358 gra-

290 1373 376 1411 vior
388 1403 398 1421 ,
412 1385 500 1411 cum
515 1403 526 1421 ,
544 1380 680 1423 praeter
701 1371 982 1423 oppidanorum
997 1369 1150 1410 turbam
1164 1401 1175 1418 ‚
1189 1368 1357 1408 maxima
1373 1367 1579 1409 hominum

291 1435 502 1475 multitudo
523 1449 571 1476 ex
594 1436 690 1487 agris
711 1448 756 1475 eo
780 1434 1035 1483 confluxiffet‚
1053 1447 1159 1485 quae,
1184 1445 1308 1483 neque
1329 1444 1396 1483 per
1412 1431 1578 1472 hostium

291 1506 438 1536 metum
464 1506 568 1536 extra
596 1497 739 1536 moenia
762 1496 927 1536 audebat
951 1495 1158 1546 progredi3
1181 1506 1308 1544 neque
1330 1492 1581 1532 subvectione

290 1558 498 1610 peregrinae
513 1567 672 1598 annonae
686 1589 698 1605 ,
714 1557 989 1597 mercatoribus
1009 1556 1225 1608 periculum
1241 1555 1451 1596 vitantibus
1463 1586 1473 1603 ,
1488 1555 1576 1596 sub-

288 1619 495 1659 levabatur.
512 1628 618 1659 tantu
626 1632 662 1658 m
677 1633 723 1658 ex
739 1620 864 1659 vicina
881 1619 1009 1659 Africa
1023 1632 1080 1659 res
1096 1617 1310 1658 neeeffariae
1323 1617 1483 1657 terrestri
1497 1631 1584 1658 ma«

289 1682 500 1732 ritimoque
522 1681 660 1720 itinere
679 1681 903 1728 veniebant,
924 1682 1074 1731 parcius
1095 1694 1116 1719 a
1139 1680 1258 1728 mari,
1280 1679 1398 1719 modo
1421 1688 1575 1730 tempe-

288 1742 445 1781 statibus
456 1774 468 1790 ,
492 1743 612 1782 modo
628 1755 694 1793 per
709 1742 862 1781 classem
877 1741 1043 1781 hostium
1065 1754 1200 1792 parum
1216 1748 1301 1781 tuta
1314 1741 1571 1791 navigatione.

341 1814 448 1853 XIII.
466 1814 579 1854 Tunc
603 1821 731 1853 autem
754 1813 960 1864 intersepta
984 1812 1138 1865 penitus
1157 1812 1217 1852 via
1233 1843 1244 1861 ,
1258 1825 1332 1863 qua
1355 1824 1420 1863 per
1434 1819 1573 1852 terram

287 1886 369 1915 erat
401 1877 553 1924 aditus,
576 1877 706 1916 forum
731 1890 854 1916 rerum
882 1876 1075 1916 venalium
1099 1875 1264 1915 maxima
1291 1874 1346 1914 sui
1374 1882 1480 1926 parte
1507 1875 1575 1916 de-

286 1938 437 1985 ficiens,
463 1938 793 1990 Carthaginienses
810 1949 916 1978 metu
941 1937 1052 1977 famis
1075 1940 1109 1978 ἃ
1131 1939 1208 1987 jain
1229 1937 1489 1976 incommodis
1508 1946 1573 1975 an-

287 2000 413 2053 gebat.
436 2001 571 2051 Neque
586 2001 760 2053 Bsthyas,
776 2002 839 2053 qui
861 2014 950 2040 cum
971 2002 1142 2051 equitatu
1157 2008 1243 2040 ante
1254 1999 1418 2039 clausam
1434 1999 1571 2039 urbem

286 2061 437 2101 emissus
459 2062 506 2100 ad
533 2064 836 2113 comparandum
867 2075 1060 2101 annonam
1094 2062 1241 2108 fuerat,
1263 2074 1331 2112 per
1354 2060 1469 2100 castra
1493 2061 1574 2102 Sci-

286 2125 413 2174 pinnis
430 2136 674 2175 perrumpere
686 2156 696 2172 ‚
711 2131 776 2163 aut
792 2125 950 2163 omnino
966 2125 1122 2175 propius
1135 2123 1356 2170 succedere,
1377 2122 1567 2172 audebat;

286 2185 350 2225 sel
376 2185 492 2236 longo
523 2185 730 2225 circumitu
761 2186 964 2225 devet‘tum
993 2186 1040 2224 ad
1070 2197 1171 2224 mare
1195 2184 1434 2223 frumentum
1463 2196 1570 2223 corn-

285 2247 466 2286 mittc'oit
485 2247 670 2296 navibus,
686 2261 745 2307 qu
739 2262 792 2296 e,
808 2247 1007 2286 observato
1029 2245 1320 2286 vehementiore
1341 2253 1477 2294 vent0‚
1499 2259 1569 2296 per

284 2308 437 2348 claffem
452 2309 731 2357 Romanorum,
747 2317 834 2348 ante
854 2309 988 2348 urbem
1006 2308 1282 2354 exsultantem,
1301 2305 1563 2347 illaberentur.

283 2370 406 2418 Nam,
427 2372 527 2410 utin
540 2371 686 2410 vadosis
710 2370 1024 2422 importuosisque
1047 2369 1160 2419 locis,
1183 2367 1339 2420 sparsae,
1355 2369 1391 2408 &
1413 2366 1565 2420 longius

326 2498 350 2541 S
376 2499 434 2534 XI.
457 2501 603 2547 Appiam.
628 2504 650 2547 §
675 2503 748 2537 ΧΠ.
771 2503 893 2538 Ζοηπ.
913 2503 1059 2548 ἅρρίᾶη.
