1673 3052
278 215 371 260 214
627 200 1192 259 T1T1L1v11

274 325 413 372 gum,
445 307 524 355 fibi
545 308 758 372 privatim
789 327 900 374 opes
931 313 1148 375 oppreffis
1183 312 1410 362 faciebant
1449 313 1573 363 civi-4

274 383 465 431 tatibus:
499 384 696 431 medium
720 402 892 443 unum,
917 385 1098 449 utrique
1130 386 1286 450 generi
1307 387 1572 447 adversum,

274 457 527 505 libertatem
549 459 730 523 &leges
746 460 968 508 tuebatur.
991 461 1074 507 His
1092 473 1143 508 ut
1159 462 1307 523 major
1329 462 1451 525 apud
1465 462 1571 510 suos

275 533 468 592 caritas,
501 534 561 581 ita
591 534 744 582 minor
773 535 891 598 apud
922 551 1137 583 externos
1172 535 1313 600 gratia
1345 547 1454 583 erat.
1489 537 1572 583 Se-

274 605 435 652 cundis
467 608 599 655 rebus
627 608 731 655 elati
766 610 1085 656 Romanorum
1116 608 1254 670 partis
1288 607 1383 669 ejus
1415 607 1570 656 fauto-

274 695 346 726 res
364 715 377 738 ,
400 680 483 727 soli
512 693 609 729 tum
628 682 674 747 in
694 681 1020 746 magistratibus
1038 717 1050 740 ,
1083 681 1168 729 soli
1196 681 1244 729 in
1265 681 1572 746 legationibus

274 766 414 802 erant.
452 756 514 802 Hi
549 773 651 803 cum
688 756 947 818 frequentes
979 756 1029 803 &
1059 772 1114 802 ex
1136 754 1485 818 Peloponneso,
1519 757 1572 806 δε

273 841 332 872 ex
350 829 558 889 Boeotia,
593 831 644 877 δέ
671 845 728 875 ex
759 827 857 876 aliis
887 827 1079 875 Graeciae
1106 827 1317 876 conciliis
1343 827 1573 884 adeffent,

275 898 526 964 implevere
565 920 694 950 aures
731 903 884 950 decem
921 901 1204 966 legatorum:
1240 905 1342 947 Non
1375 919 1442 948 eos
1472 918 1573 948 tan·-

275 990 394 1036 ῑζιιη,
431 979 501 1037 qui
514 977 566 1036 ft
587 980 813 1037 propalam
836 992 913 1035 per
934 976 1163 1019 vanitatem
1191 971 1436 1036 jac‘lafferzc,
1470 989 1572 1019 catz-

275 1071 400 1112 quam
420 1054 599 1114 hospites
619 1050 662 1099 G·
682 1054 842 1098 amicos
863 1050 996 1109 Persei
1011 1083 1026 1104 ,
1044 1048 1129 1108 fid
1146 1050 1276 1092 multo
1299 1050 1442 1111 plures
1461 1048 1573 1092 allos

276 1144 333 1178 ex
369 1131 527 1173 occulto
549 1123 719 1190 favi-[se.
757 1126 935 1184 reliquos
957 1139 1036 1182 per
1049 1121 1230 1181 speciem
1255 1121 1414 1164 tuendae
1445 1120 1569 1164 liber·-

264 1201 378 1244 -tatis
409 1202 454 1246 in
474 1201 665 1246 conciliis
688 1198 884 1258 adversus
904 1197 1128 1240 Romanos
1152 1194 1297 1238 omni-a
1320 1191 1571 1257 instruxffl.
1611 1252 1615 1258 ἡ

272 1291 347 1321 nec
384 1276 506 1320 aliter
533 1292 602 1320 eas
633 1273 854 1333 mansuras
890 1272 935 1315 in
953 1269 1044 1326 fide
1072 1283 1239 1328 ἔειπες,
1277 1265 1391 1330 nist,
1415 1264 1574 1325 frac‘iis

273 1348 433 1392 animis
464 1349 656 1407 partium
673 1380 687 1400 ‚
726 1349 900 1390 aleretur
931 1341 1313 1399 confirmareturque
1349 1337 1572 1383 αιιέἴονίιας

272 1437 411 1465 eorum
428 1455 441 1474 ‚
473 1423 543 1481 qui
574 1422 689 1465 nihil
704 1433 849 1478 preater
865 1415 1082 1474 imperium
1103 1413 1391 1458 Romanorum
1405 1410 1569 1473 spec‘la·

272 1508 376 1540 rent.
408 1493 481 1540 Ab
503 1492 569 1539 his
591 1491 719 1539 editis
741 1486 1031 1544 nominibus,
1054 1484 1237 1532 evocati
1265 1484 1401 1531 literis
1421 1485 1568 1549 impe-

271 1566 437 1612 ratoris
475 1583 531 1616 ex
565 1563 769 1622 AEtolia,
811 1559 1184 1622 Acarnaniaque,
1217 1559 1267 1606 &
1302 1558 1475 1621 Epiro,
1517 1558 1569 1605 &

271 1639 481 1698 Boeotia,
511 1640 589 1705 qui
620 1641 816 1686 Romam
846 1636 902 1683 ad
936 1633 1110 1681 causam
1141 1632 1378 1679 dicendam
1409 1630 1567 1695 seque-

270 1725 453 1761 rentur:
487 1714 534 1762 in
554 1712 773 1773 Achaiam
805 1727 862 1757 ex
895 1709 1051 1755 decem
1083 1707 1335 1772 legatorum
1371 1723 1566 1754 numero

270 1785 465 1848 profeffi
485 1787 581 1834 cluo
597 1822 612 1843 ‚
645 1787 698 1832 C.
715 1781 930 1831 Claudius
958 1781 1008 1828 &
1027 1781 1113 1826 Cn.
1134 1779 1370 1826 Domitius
1384 1815 1397 1836 ‚
1419 1791 1468 1826 ut
1485 1778 1568 1842 ipfi

270 1859 421 1907 edicio
443 1872 704 1908 evocarent.
736 1858 784 1904 Id
812 1855 984 1903 duabus
1004 1854 1059 1900 de
1078 1853 1217 1901 causis
1241 1852 1431 1900 faEium:
1451 1869 1566 1911 una,

271 1934 399 1995 quod
422 1933 598 1981 fiduciae
616 1932 718 1993 plus
735 1929 1084 1991 animorumque
1099 1926 1183 1973 effe
1198 1926 1376 1974 Achaeis
1393 1925 1450 1972 ad
1470 1942 1567 1972 non

270 2006 518 2066 parendum
544 2004 810 2059 credebant,
843 2002 893 2048 &
918 1999 1103 2046 forfitan
1123 1998 1255 2044 etiam
1277 1998 1322 2044 in
1358 1997 1567 2060 periculo

271 2076 374 2124 fore
403 2078 690 2125 Callicratem
711 2077 760 2123 &
787 2085 962 2121 ceteros
990 2070 1231 2118 criminum
1258 2070 1461 2117 ai1&ores
1485 2070 1566 2116 de·-

272 2150 556 2215 latoresque:
587 2150 752 2202 altera,
778 2165 857 2194 cur
886 2144 1122 2208 praesentes
1155 2155 1428 2203 evocarent,
1459 2161 1568 2191 cau-

271 2221 317 2268 {a
353 2236 478 2281 erat,
512 2223 638 2287 quod
669 2238 725 2268 ex
758 2219 855 2266 aliis
888 2217 1095 2283 gentibus
1128 2217 1385 2280 principum
1416 2217 1568 2264 literas

273 2295 575 2358 deprehensas
612 2295 659 2340 in
700 2289 1038 2341 commentariis
1071 2289 1203 2353 regiis
1236 2289 1482 2337 habebant:
1517 2288 1568 2337 in

273 2368 453 2416 Achaeis
485 2385 656 2416 caecum
695 2378 789 2413 erat
822 2365 1024 2422 crimen,
1063 2362 1198 2408 nullis
1231 2378 1392 2408 eorum
1425 2361 1567 2409 literis

273 2437 489 2487 inventis.
522 2438 687 2488 AEtolis
711 2437 893 2484 dimiffis
912 2473 925 2495 ‚
954 2438 1241 2483 Acarnanum
1266 2434 1401 2482 citata
1429 2450 1564 2498 gens:

266 2510 319 2561 in
345 2512 413 2561 his
445 2512 562 2562 nihil
587 2523 812 2562 novatum
829 2547 846 2571 2
863 2509 944 2559 nifi
972 2509 1101 2575 quod
1117 2510 1289 2560 Leucas
1310 2519 1485 2557 exemta
1502 2504 1565 2556 est
