1673 3052
290 193 826 242 HISTORIARUM
862 195 988 243 LIB.
1025 196 1187 244 XLIV.
1290 198 1380 262 169

98 296 247 359 leffls,
281 302 487 349 hortatur
516 301 716 351 Thracas
734 339 750 359 ‚
783 319 830 349 ut
856 306 917 349 ad
941 306 1135 349 tuendam
1168 305 1382 351 Emathia

99 396 215 424 oram
235 379 569 439 proficzfiantur.
599 395 797 439 magnam
827 395 895 424 eos
923 382 1065 424 caedem
1086 379 1382 438 praedamque,

94 453 256 512 palatis
279 450 435 513 fpaſjim
463 467 539 509 per
573 467 696 510 agros
729 450 971 503 Romanis,
999 449 1204 508 faffuros.
1239 451 1388 496 Simul

98 524 227 566 elevat
239 520 410 580 famam
437 522 615 581 adversae
626 538 777 581 pugnae
792 539 915 586 :quae
918 520 969 584 st
989 521 1202 579 veraforec
1214 557 1230 578 ‚
1249 525 1384 567 alium

85 593 216 655 super
231 596 360 649 alium
393 609 562 638 recentes
580 611 632 637 ex
649 591 764 652 fuga
790 608 980 637 venturos
995 591 1136 655 ficiſje.
1158 594 1240 638 Per
1266 593 1385 639 hanc

97 664 270 711 causam
292 665 544 711 Thracibus
563 664 773 727 ablegatis
789 699 803 722 ‚
833 663 961 710 fimul
987 664 1275 729 transgressos
1303 681 1385 712 eos

98 737 393 802 Strymonem
415 736 529 784 vidit
547 773 560 793 ‚
580 750 731 800 portas
754 736 922 783 clausit.
1257 799 1261 801 v

161 811 305 856 XLV.
333 809 494 858 Tertio
515 809 586 855 die
607 809 814 867 Perseus,
833 825 969 872 quam
988 820 1237 874 pugnatum
1264 822 1385 870 erat,

100 882 413 947 Amphipolim
442 883 584 932 venit.
616 883 720 929 inde
745 895 948 930 oratores
977 901 1079 931 cum
1107 885 1308 931 caduceo
1331 885 1389 933 ad

99 956 301 1004 Paullum
328 955 458 1003 mifit.
495 955 677 1003 Interim
712 955 928 1020 Hippias,
949 957 999 1004 &
1031 956 1170 1016 Milo,
1191 959 1241 1004 &
1273 959 1389 1004 Pan-

97 1030 287 1076 tauchus
303 1065 318 1088 ‚
337 1028 565 1094 principes
592 1030 843 1076 amicorum
872 1029 987 1093 regis
1001 1065 1014 1086 ‚
1039 1031 1244 1078 Beroeam
1258 1067 1272 1089 ‚
1292 1048 1386 1094 quo

99 1105 159 1149 ex*
187 1102 284 1149 acie
323 1102 652 1167 confugerant,
687 1102 768 1164 ipfi
803 1101 859 1147 ad
894 1101 1127 1148 consulem
1163 1102 1387 1165 profecii,

99 1174 320 1221 Romanis
347 1175 652 1222 dedunt2hoc
683 1173 800 1220 idem
828 1175 877 1221 &
903 1173 1000 1220 aliae
1030 1173 1241 1237 deinceps
1264 1188 1389 1223 metu

98 1250 314 1312 perculsae
339 1251 554 1313 parabant
581 1250 741 1297 facere.
769 1250 971 1308 Consul,
991 1250 1159 1298 nuntiis
1179 1251 1387 1298 victoriae

101 1325 162 1384 Q.
183 1324 320 1370 Fabio
341 1322 436 1370 filio
469 1326 518 1370 &
549 1326 596 1369 L.
619 1322 811 1370 Lentulo
835 1325 885 1370 &
904 1324 966 1383 Q.
995 1323 1185 1371 Metello
1216 1341 1318 1371 cum
1335 1324 1386 1371 li-

100 1396 207 1443 teris
228 1398 422 1444 Romam
444 1395 600 1452 miffis,
622 1396 761 1458 spolia
783 1395 969 1457 jacentis
992 1396 1187 1442 hostium
1210 1397 1389 1444 exerci-

100 1480 170 1515 tus
190 1468 411 1531 peditibus
442 1468 676 1524 conceffit3
709 1467 938 1530 equitibus
966 1467 1160 1528 praedam
1191 1467 1388 1514 circum-

101 1539 202 1602 jeffi
223 1541 314 1604 agri
330 1577 344 1597 ‚
364 1541 470 1588 dum
497 1558 553 1587 ne
572 1540 759 1603 amplius
779 1540 950 1586 duabus
971 1540 1177 1586 noctibus
1195 1557 1218 1586 a
1238 1540 1390 1587 castris

102 1614 310 1662 abessent.
330 1614 424 1677 Ipse
451 1615 638 1677 propius
665 1631 783 1660 mare
803 1614 858 1660 ad
886 1613 1094 1677 Pydnam
1123 1614 1263 1660 castra
1283 1630 1389 1660 mo-

103 1686 184 1733 vit.
210 1688 368 1733 Beroea
388 1688 581 1749 primum
595 1723 607 1743 ‚
629 1687 789 1733 deinde
810 1686 1127 1733 Thessalonica
1141 1721 1155 1744 ,
1176 1688 1225 1733 &
1246 1686 1390 1743 Pella,

104 1759 154 1809 &
182 1759 392 1822 deinceps
421 1760 570 1807 omnis
589 1759 728 1806 ferme
759 1759 1028 1806 Macedonia
1055 1759 1170 1805 intra
1199 1758 1391 1806 biduum

105 1831 266 1882 dedita.
289 1831 504 1895 Pydnaei,
523 1832 601 1895 qui
628 1832 830 1895 proximi
848 1845 974 1878 erant
989 1867 1002 1889 ‚
1026 1833 1228 1877 nondum
1262 1831 1390 1877 mise-

107 1915 208 1950 rant
244 1904 414 1968 legatos
445 1922 455 1950 ε
489 1904 733 1951 multitudo
765 1904 997 1951 incondita
1034 1903 1230 1966 plurium
1263 1901 1392 1951 simul

106 1976 335 2042 gentium,
370 1976 619 2039 turbaque,
653 1994 756 2039 quae
792 1993 849 2022 ex
886 1976 980 2023 acie
1019 1975 1123 2039 fuga
1154 1976 1201 2021 in
1247 1993 1392 2023 unum

108 2050 338 2113 compulsa
374 2062 492 2110 erat,
527 2050 765 2098 consilium
805 2052 855 2097 &
892 2049 1157 2097 consensum
1194 2049 1393 2096 civitatis

106 2123 402 2186 impediebat:
420 2142 503 2172 nec
523 2124 679 2171 clausae
697 2125 838 2171 modo
858 2137 1025 2187 portae,
1044 2123 1115 2170 sed
1133 2124 1264 2170 etiam
1285 2124 1391 2169 inae·

107 2195 294 2245 dificatae
313 2210 452 2244 erant.
485 2197 602 2243 Miffi
627 2198 740 2243 Milo
763 2199 811 2245 &
835 2196 1114 2244 Pantauchus
1137 2196 1214 2243 sub
1233 2213 1392 2244 muros

107 2269 161 2316 ad
191 2270 471 2334 colloquium
491 2269 699 2326 Solonis,
718 2271 795 2332 qui
815 2269 1021 2333 praesidio
1045 2281 1138 2316 erat
1158 2288 1168 2316 :
1190 2286 1268 2333 per
1286 2285 1390 2314 eum

107 2343 325 2391 emittitur
352 2344 560 2391 militaris
587 2343 728 2390 turba.
758 2345 980 2407 oppidum
1007 2343 1204 2390 deditum
1233 2340 1392 2388 militi-

106 2416 188 2471 bus
233 2416 361 2462 datur
395 2417 710 2478 diripiendum.
743 2417 948 2473 Perseus,
985 2434 1071 2463 una
1105 2427 1279 2462 tantum
1315 2414 1391 2476 spe

108 2488 363 2538 Bisaltarum
383 2486 537 2538 auxilii
559 2502 751 2550 tentata,
770 2490 825 2538 ad
847 2506 964 2554 quos
984 2488 1286 2554 nequidquam
1307 2487 1391 2533 mi-
