1673 3052
323 160 872 214 HtsTomARUM
906 165 1024 213 ΠΒ.
1062 166 1226 215 erv.
1313 178 1404 233 ης·

114 267 174 318 'tis
192 305 206 327 ,
224 268 351 317 fimul
370 270 662 334 indignitate,
690 270 898 319 irritavit.
933 271 1251 335 Redintegrata
1276 271 1323 319 in
1348 273 1404 320 li-

118 354 220 389 tore
245 359 394 406 pugna
422 342 496 388 est.
526 341 736 403 adjuvere
762 345 840 402 &‚
863 343 942 406 qui
969 343 1015 389 in
1044 344 1238 390 navibus
1262 356 1406 394 erant.

115 415 185 462 lbi
212 416 518 462 Macedonum
538 415 720 462 ducenti
756 415 895 462 ferme
926 417 1049 473 caefi3
1082 434 1162 480 par
1192 433 1404 465 numerus

116 500 286 549 captus·
324 488 394 534 Ab
427 488 683 551 Antigonea
719 489 858 536 claffis
892 489 1091 552 profefla
1112 526 1125 545 ,
1161 491 1215 537 ad
1248 508 1403 555 agrum

115 559 416 622 Pallenensem
435 560 768 607 exscenfionem
788 561 843 607 ad
861 563 1171 624 populandum
1194 562 1313 610 fecit.
1334 564 1403 610 Fi·

115 631 242 677 nium
255 631 291 677 is
308 648 410 695 ager
426 632 807 679 Cassandrensium
827 645 944 691 erat,
960 634 1094 699 longe
1114 634 1404 683 fertiliffimus

114 704 264 751 omnis
290 721 408 763 orae,
424 722 553 768 quam
571 708 853 768 praeterveffi
874 707 1064 756 fuerant.
1095 709 1159 756 lbi
1182 713 1403 757 Eumenes

113 794 196 825 rex
210 814 225 835 ,
239 778 404 842 viginti
421 779 544 826 teetis
561 780 752 826 navibus
769 781 824 826 ab
837 781 942 827 Elea
963 781 1213 844 profefius,
1232 782 1402 831 obvius

113 849 232 908 fuit3
267 854 317 899 &
341 851 541 914 quinque
569 852 704 898 miffae
727 870 749 898 a
770 854 918 900 Prufia
940 871 1041 919 rege
1067 857 1191 903 143&ae
1212 873 1368 906 naves.

180 926 258 989 XI.
289 925 386 972 Hac
415 925 583 972 virium
619 926 869 974 acceffione
903 929 1076 975 animus
1106 931 1254 977 crevit
1285 949 1400 994 prae-

114 996 234 1054 tori,
257 1007 304 1063 ut
317 996 629 1044 Cassandream
648 1012 944 1062 oppugnaret.
963 1002 1161 1048 Condita
1182 1003 1243 1049 est
1260 1021 1283 1050 a
1303 1002 1402 1050 Call

115 1070 278 1115 sandro
316 1086 420 1134 rege
454 1072 501 1116 in
540 1072 642 1133 ipsis
679 1070 915 1129 faucibus,
959 1089 1058 1136 quae
1095 1076 1402 1123 Pallenensem

114 1157 269 1205 agrum
295 1154 454 1189 ceterae
481 1143 765 1190 Macedoniae
791 1142 1009 1206 jungunt,
1039 1143 1145 1191 hinc
1166 1145 1401 1192 Toronai-

114 1231 174 1261 co
194 1250 208 1273 ,
236 1215 343 1263 hinc
366 1216 668 1265 Macedonico
690 1217 809 1280 septa
839 1218 964 1264 mari.
997 1218 1176 1265 Eminet
1207 1235 1400 1282 namque

114 1287 162 1336 in
178 1289 316 1336 altum
340 1289 521 1354 lingua,
551 1291 598 1337 in
625 1307 711 1355 qua
743 1290 820 1337 fita
845 1292 928 1337 est:
954 1309 1036 1339 nec
1059 1293 1205 1339 minus
1224 1329 1237 1351 ‚
1266 1311 1402 1358 quam

113 1360 161 1409 in
192 1362 329 1409 altum
362 1363 671 1425 magnitudine
701 1364 823 1411 Atho
853 1382 1014 1425 mons,
1045 1368 1273 1426 excurrit,
1311 1370 1400 1415 ob·-

112 1434 240 1483 versa
257 1434 303 1481 in
324 1436 556 1499 regionem
571 1436 810 1501 Magnesia:
829 1437 1004 1484 duobus
1024 1439 1275 1501 imparibus
1296 1458 1405 1504 pro..

112 1508 390 1565 montoriis;
423 1526 622 1574 quorum
656 1509 815 1570 majori
847 1511 1082 1558 Posideum
1117 1513 1177 1558 est
1200 1530 1396 1573 nomen,

113 1581 284 1629 minori
319 1583 639 1631 Canastraeum.
682 1584 858 1632 Divisis
897 1586 1094 1647 partibus
1134 1604 1399 1651 oppugnare

113 1656 287 1703 adorti:
318 1658 551 1706 Romanus
583 1658 638 1705 ad
664 1658 838 1717 Clitas,
868 1675 976 1722 quas
1009 1671 1209 1718 vocant,
1247 1662 1402 1708 muni-

113 1739 262 1776 menta
277 1765 292 1788 ,
323 1729 472 1776 cervis
493 1730 630 1777 etiam
665 1729 852 1794 objeffis
871 1769 884 1789 ‚
917 1745 967 1779 ut
987 1733 1106 1779 viam
1126 1733 1400 1780 interclude-

111 1817 206 1860 ret,
238 1820 261 1850 a
281 1804 588 1852 Macedonico
607 1805 659 1851 ad
683 1806 997 1853 Toronaicum
1027 1824 1145 1853 mare
1177 1807 1398 1870 perducit.

39 1875 55 1886 ‘
107 1875 166 1922 ab
197 1876 331 1923 altera
360 1890 486 1940 parte
515 1878 695 1941 euripus
728 1878 817 1925 est:
853 1879 957 1925 inde
994 1882 1215 1926 Eumenes
1248 1896 1395 1942 oppu-

108 1949 283 2012 gnabat.
311 1950 530 1998 Romanis
562 1951 609 1998 in
638 1951 747 1999 fossa
776 1953 1045 2015 complenda
1064 1990 1076 2011 ,
1100 1971 1233 2017 quam
1257 1971 1400 2017 nuper

117 2020 347 2083 objecerat
365 2024 544 2071 Perseus
559 2061 570 2083 ‚
592 2025 840 2088 plurimum
859 2039 951 2073 erat
970 2027 1152 2074 laboris.
1189 2028 1252 2074 lbi
1276 2046 1400 2092 quae·

110 2095 228 2141 renti
259 2097 471 2159 praetori,
506 2099 608 2162 quia
642 2098 857 2162 nusquam
895 2100 1065 2147 cumuli
1103 2102 1398 2162 apparebant,

110 2183 207 2230 quo
229 2170 395 2233 regesta
417 2187 440 2218 e
468 2170 580 2218 fossa
606 2184 721 2219 terra
741 2172 885 2230 foret,
913 2174 1149 2220 monstrati
1170 2175 1269 2221 sunt
1299 2174 1402 2221 for-

109 2239 260 2287 nices:
290 2261 377 2289 non
402 2246 461 2290 ad
486 2249 654 2306 eandem
674 2246 977 2309 craffitudinem
992 2284 1006 2304 ,
1028 2268 1107 2309 qua
1127 2264 1290 2294 veterem
1311 2267 1402 2292 77ch-

111 2333 231 2373 rum,
247 2318 331 2378 fid
343 2318 535 2380 simplici
561 2323 731 2365 laterum
762 2325 905 2367 ordine
923 2357 934 2374 ,
955 2324 1130 2388 struflos
1156 2321 1239 2385 effe.
1268 2322 1404 2367 (01.-

111 2385 256 2431 filium
285 2387 422 2449 igitur
443 2391 587 2452 cepit,
618 2391 859 2437 transfosso
882 2393 1050 2454 pariete
1072 2394 1155 2439 iter
1174 2394 1217 2438 in
1241 2393 1399 2440 urbem

114 2459 379 2525 patefacere.
410 2461 562 2511 fallere
593 2476 742 2512 autem
767 2465 830 2512 ita
862 2464 903 2512 se
934 2466 1087 2529 poffe,
1116 2467 1173 2526 fi,
1200 2482 1355 2513 muros
1373 2482 1400 2514 a
