1673 3052
266 176 842 239 *HISTORIARUM
876 192 991 238 Lm.
1030 191 1193 239 xuv.
1281 208 1363 251 ιγ,

88 293 184 360 gis,
201 295 248 344 P.
265 295 468 344 Naficam
483 329 500 356 ,
534 297 712 361 ignarus
737 296 855 361 fugae
884 296 1027 361 regis,
1055 295 1369 360 Amphipolim

87 373 207 421 mifit
227 392 331 423 cum
353 377 534 424 modica
561 376 766 440 peditum
794 374 1089 439 equitumque
1115 392 1279 422 manu:
1309 374 1368 421 fi-

89 451 186 500 mul
217 464 268 500 ut
297 453 497 502 Sinticen
533 453 783 511 evastaret,
818 455 869 501 &
902 453 958 499 ad
990 469 1148 499 omnes
1175 464 1371 500 conatus

86 528 206 593 regis
228 530 552 595 impedimento
580 531 700 579 effet.
738 533 854 577 Inter
876 530 972 577 haec
995 528 1211 577 Meliboea
1233 547 1257 576 a
1277 529 1366 577 Cn.

86 607 288 656 Ostavio
305 610 482 673 capitur
498 609 815 673 diripiturque:
833 609 886 656 ad
898 606 1127 672 AEginium
1138 643 1151 665 ‚
1166 608 1221 654 ad
1241 607 1369 671 quod

85 686 445 750 oppugnandum
464 688 553 734 Cn.
571 686 756 735 Anicius
775 686 941 750 legatus
962 685 1109 732 missus
1129 696 1221 731 erat
1238 719 1251 742 ,
1282 684 1368 730 du·-

87 764 236 824 centi,
256 765 496 829 eruptione
513 782 567 812 ex
586 765 759 828 oppido
781 764 914 821 faila,
933 763 1068 809 amiffi
1092 762 1216 821 sunt,
1241 756 1368 824 igna-

85 841 148 890 ris
165 841 784 907 AEginienfibusdebellatum
803 842 901 888 effe.
937 839 1108 888 Consul
1126 876 1138 897 ‚
1166 857 1188 886 a
1209 840 1366 903 Pydna

85 918 349 982 profecms,
388 936 490 970 cum
522 931 624 967 toto
657 919 860 965 exercitu
903 917 974 964 die
1020 916 1163 964 altero
1199 916 1366 962 Pellam

85 997 323 1060 pervenit:
352 998 427 1056 &‚
457 1013 559 1044 cum
588 998 725 1045 castra
748 994 870 1042 mille
896 993 1038 1057 passus
1064 993 1168 1041 inde
1197 992 1367 1056 posuis-

85 1073 177 1133 set,
209 1091 290 1138 per
318 1074 495 1138 aliquot
529 1074 621 1122 dies
653 1073 716 1120 ibi
736 1071 894 1119 stativa
920 1071 1109 1128 habuit,
1138 1069 1267 1116 situm
1289 1087 1366 1117 ur-

84 1153 155 1200 bis
188 1151 391 1215 undique
424 1152 671 1216 aspiciens;
704 1167 838 1214 quam
876 1165 972 1196 non
1003 1149 1093 1197 fine
1131 1147 1259 1196 causa
1291 1148 1367 1196 deu

84 1231 243 1279 leikain
277 1231 361 1279 effe
394 1232 558 1296 regiam
594 1230 801 1280 advertit.
847 1228 937 1275 Sita
975 1225 1037 1274 est
1077 1227 1124 1273 in
1156 1227 1366 1287 tumulo,

84 1322 301 1374 vergente
331 1310 376 1357 in
411 1311 696 1358 occidentem
728 1308 979 1356 hibernum.
1019 1306 1203 1368 cingunt
1238 1306 1365 1369 palu-

83 1389 162 1434 des
182 1387 546 1452 inexsuperabilis
565 1385 812 1434 altitudinis
832 1385 976 1431 aestate
994 1386 1041 1432 ὅ(
1059 1383 1203 1430 hieme
1219 1421 1232 1441 ‚
1255 1403 1366 1448 quas

83 1464 382 1528 restagnantes
403 1465 571 1512 faciunt
591 1465 723 1512 lacus.
760 1467 810 1510 In
830 1462 922 1526 ipsa
942 1462 1129 1525 palude,
1152 1481 1240 1526 qua
1261 1481 1366 1527 pro·

83 1541 204 1589 xima
224 1542 324 1589 urbi
353 1542 446 1600 est,
479 1542 606 1589 velut
637 1541 775 1589 insula
807 1541 999 1597 eminet)
1036 1540 1180 1603 aggeri
1215 1542 1365 1604 operis

83 1619 277 1685 ingentis
302 1621 535 1683 imposita:
569 1619 647 1682 qui
678 1622 728 1668 δέ
744 1636 924 1666 murum
942 1617 1146 1664 sustineat
1162 1654 1174 1674 ‚
1203 1621 1252 1666 &
1277 1620 1364 1666 hu·

82 1713 211 1744 more
241 1696 521 1744 circumfusae
554 1696 728 1759 paludis
756 1695 867 1742 nihil
893 1695 1094 1742 laedatur.
1126 1697 1261 1743 Muro
1286 1714 1362 1744 uro
1385 1758 1388 1759 ⁷

80 1774 149 1824 bis
177 1773 420 1836 conjunssa
454 1775 615 1838 procul
652 1774 846 1822 videtur.
883 1773 1027 1821 divisa
1052 1772 1114 1820 est
1145 1772 1363 1822 intermu-

80 1852 165 1900 rali
195 1852 344 1911 amni,
365 1855 426 1902 ’ὅζ
444 1854 595 1900 eadem
621 1865 762 1917 ponte
781 1851 957 1915 junsta:
994 1863 1044 1898 ut
1064 1868 1147 1898 nec
1164 1887 1178 1909 ‚
1209 1868 1363 1915 oppii-

82 1945 246 1997 gnante
269 1946 483 1990 externo,
505 1933 670 1978 aditum
691 1932 745 1978 ab
776 1931 866 1978 ulla
887 1944 1009 1995 parte
1033 1930 1219 1987 habeat;
1249 1948 1363 1990 περ,

81 2010 114 2057 fi
141 2027 274 2073 quem
306 2009 368 2056 ibi
397 2026 472 2056 rex
492 2008 721 2066 includat,
755 2008 897 2055 ullum
931 2008 1009 2054 nisi
1032 2025 1111 2071 per
1139 2008 1364 2056 facillimae

80 2087 295 2135 custodia:
321 2099 512 2156 pontem⁴
536 2085 765 2149 effugium.
800 2089 853 2132 Et
872 2103 975 2149 gaza
995 2086 1115 2149 regia
1138 2085 1183 2132 in
1213 2102 1269 2132 eo
1289 2085 1364 2132 lo-

79 2181 141 2212 co
167 2176 286 2213 erat:
315 2165 387 2212 sed
406 2179 498 2213 tum
523 2166 633 2213 nihil
651 2178 812 2228 praeter
830 2178 1029 2212 trecenta
1049 2164 1237 2222 talenta,
1259 2164 1362 2228 qnae

24 2263 27 2269 “
79 2242 203 2290 miffa
227 2245 399 2290 Gentio
429 2242 554 2306 regi,
579 2243 739 2289 deinde
769 2254 937 2289 retenta
968 2240 1169 2296 fuerant,
1201 2241 1362 2288 inven-

79 2330 175 2366 tum
199 2320 273 2367 est.
313 2321 395 2366 Per
425 2336 540 2382 quos
572 2319 664 2365 dies
689 2320 741 2365 ad
762 2319 928 2366 Pellam
960 2318 1120 2364 stativa
1149 2318 1362 2374 fuerunt,

78 2396 326 2460 legationes
347 2396 600 2459 frequentes
615 2432 628 2453 ‚
654 2413 754 2457 quae
777 2397 832 2443 ad
857 2396 1168 2459 gratulandum
1191 2411 1362 2441 conve·

79 2489 263 2537 nerant,
283 2477 474 2534 maxime
500 2493 557 2524 ex
575 2476 793 2524 Thessalia
814 2513 830 2534 ,
860 2476 1022 2523 auditae
1046 2475 1157 2524 sunt.
1187 2474 1364 2522 Nuntio
