1673 3052
327 199 417 244 142
681 179 1247 229 T1T1L1VI1

321 292 424 338 dam
460 287 672 353 populari
708 287 820 346 suo,
860 286 1078 338 militante
1117 288 1234 351 apud
1273 284 1460 346 Persea,
1499 285 1606 336 inde

319 365 475 430 postea
494 364 547 411 ad
561 362 924 420 Demetriadem,
940 360 1072 409 semel
1089 377 1193 410 cum
1216 352 1473 410 Menecrate
1491 367 1606 427 quo'·

320 439 423 485 dam
440 474 454 496 ,
478 438 641 484 iterum
672 453 775 483 cum
797 435 1103 493 Antimacho,
1121 434 1256 499 regiis
1281 434 1498 494 ducibus,
1524 435 1605 482 sub

320 511 423 574 ipsis
437 510 663 557 moenibus
683 509 806 558 urbis
825 508 1081 557 collocutus
1102 507 1261 557 fuerat.
1280 508 1472 571 Eropon
1490 524 1606 572 quo-

321 600 440 648 que,
473 583 551 647 qui
580 594 675 629 tum
712 581 862 628 miffus
895 580 982 639 est,
1010 580 1181 627 duabus
1209 580 1264 626 ad
1293 581 1483 628 eundem
1511 582 1607 628 Eu-

321 672 498 702 menem
533 653 622 716 jam
654 665 757 701 ante
791 652 1089 717 legationibus
1129 651 1304 699 sununs
1337 664 1446 701 erat.
1487 654 1607 713 Quae

323 727 557 792 colloquia
593 726 776 774 occulta
816 728 867 773 &
908 725 1155 790 legationes
1197 723 1386 773 infames
1425 725 1606 790 quidem

321 811 478 847 erant:
516 798 614 857 sed,
649 796 759 860 quid
790 798 934 843 actum
970 796 1101 855 effet,
1135 796 1306 861 quidve
1336 797 1453 844 inter
1483 814 1608 862 reges

321 870 608 919 convenisset
622 906 634 925 ‚
654 867 957 932 ignorabatur.
979 870 1068 916 Res
1085 882 1234 915 autem
1253 868 1314 916 ita
1332 868 1418 916 sese
1438 869 1608 917 habuit.

387 945 538 991 XXV.
566 945 788 990 Eumenes
809 958 954 1006 neque
977 940 1093 988 favit
1113 942 1316 990 victoriae
1335 941 1505 999 Persei,
1525 959 1606 988 ne-

320 1033 410 1080 que
442 1015 566 1063 bello
598 1031 701 1062 eum
733 1014 952 1061 invadere
986 1015 1139 1062 animo
1172 1015 1353 1063 habuit:
1386 1032 1481 1062 non
1515 1027 1606 1062 tam

320 1091 428 1156 quia
445 1103 642 1155 paternae
667 1089 784 1137 inter
801 1106 880 1138 eos
901 1090 1146 1138 inimicitiae
1171 1090 1324 1150 erant,
1337 1109 1468 1156 quam
1489 1091 1610 1156 ipso-

320 1183 421 1212 rum
447 1165 564 1213 odiis
594 1164 715 1212 inter
738 1162 780 1211 se
808 1165 1019 1212 accensae.
1058 1167 1167 1212 Non
1203 1182 1254 1212 ea
1279 1182 1434 1229 regum
1463 1183 1607 1214 aemu-

321 1239 464 1298 latio,
498 1251 547 1287 ut
567 1255 699 1303 aequo
727 1237 878 1286 animo
899 1238 1051 1286 Persea
1084 1250 1228 1286 tantas
1256 1237 1439 1302 adipisci
1465 1255 1606 1303 opes,

324 1325 584 1378 tantamque
622 1312 813 1377 gloriam
834 1347 849 1371 ,
884 1325 1050 1375 quanta
1085 1311 1306 1359 Romanis
1339 1311 1466 1358 victis
1504 1330 1608 1359 eum

321 1386 532 1434 manebat
547 1422 559 1445 ‚
580 1389 799 1433 Eumenes
822 1385 995 1432 visurus
1014 1383 1161 1433 fuerit.
1189 1384 1483 1434 Cernebat&
1501 1386 1607 1433 Per-

323 1458 393 1505 sea
409 1494 422 1517 ,
445 1457 531 1520 jam
557 1458 662 1504 inde
682 1456 738 1504 ab
763 1457 898 1503 initio
922 1457 1056 1515 belli,
1076 1456 1205 1504 omni
1223 1457 1365 1503 modo
1387 1456 1505 1521 spem
1526 1475 1607 1521 pa-

323 1531 388 1578 cis
413 1530 595 1577 tentasse
612 1568 626 1588 ,
654 1530 704 1578 &
736 1530 781 1577 in
813 1529 906 1577 dies
935 1530 1097 1594 magis,
1123 1546 1218 1593 quo
1239 1529 1430 1593 propior
1448 1531 1608 1577 admo·-

322 1617 505 1652 veretur
525 1617 700 1664 terror,
732 1604 848 1651 nihil
875 1620 1018 1667 neque
1039 1620 1165 1668 agere
1189 1602 1338 1661 aliud,
1359 1620 1504 1667 neque
1523 1620 1607 1652 co-

322 1677 477 1740 gitare.
511 1678 748 1724 Romanos
780 1692 992 1740 quoque,
1027 1676 1132 1740 quia
1163 1676 1411 1723 traheretur
1441 1676 1606 1724 diutius

322 1749 397 1811 spe
425 1748 623 1811 ipsorum
655 1749 851 1805 bellum,
884 1750 933 1796 δε
956 1749 1074 1812 ipsos
1104 1750 1268 1808 duces,
1297 1751 1347 1798 δι
1375 1749 1572 1796 senatum
1590 1785 1606 1807 ,

323 1839 421 1869 non
453 1824 695 1871 abhorrere
721 1841 745 1870 a
767 1822 966 1870 finiendo
1001 1835 1092 1870 tam
1114 1823 1413 1871 incommodo
1445 1840 1497 1872 ac
1519 1822 1608 1870 dif-

323 1893 430 1942 ficili
456 1896 591 1943 bello.
626 1899 722 1943 Hac
756 1897 982 1960 utriusque
1013 1897 1149 1960 partis
1177 1896 1414 1944 voluntate
1440 1898 1606 1961 explo-

323 1979 415 2015 rata
435 2005 449 2026 ,
477 1969 602 2032 quod
631 1969 726 2016 fieri
751 1970 883 2016 etiam
906 1969 979 2016 sua
1007 1969 1167 2033 sponte
1185 1969 1322 2016 taedio
1342 1968 1606 2029 validioris,

321 2056 443 2089 metu
472 2042 731 2090 infirmioris
758 2044 966 2091 credebat
996 2045 1148 2107 posse,
1182 2043 1227 2089 in
1256 2059 1314 2090 eo
1335 2042 1455 2091 suam
1489 2060 1604 2107 ope-

324 2132 414 2161 ram
429 2115 662 2163 venditare
679 2118 963 2164 concilianda
980 2116 1118 2180 gratia
1132 2116 1269 2180 magis
1290 2117 1444 2180 cupiit.
1467 2119 1605 2176 Nam,

324 2187 466 2233 modo
500 2204 556 2234 ne
590 2188 765 2249 juvaret
797 2189 918 2235 bello
957 2190 1191 2236 Romanos
1225 2201 1339 2237 terra
1372 2190 1605 2253 marique,

324 2259 466 2305 modo
498 2261 617 2322 pacis
656 2262 879 2323 patrandae
916 2279 1018 2309 cum
1050 2262 1266 2309 Romanis
1304 2262 1607 2325 paciscebatur

321 2332 603 2378 mercedem:
641 2348 695 2377 ne
715 2332 837 2380 bello
857 2333 1111 2392 interesset,
1143 2335 1265 2381 mille
1294 2337 1342 2382 &
1360 2335 1606 2398 quingenta

326 2404 503 2451 talenta.
542 2405 589 2450 in
622 2417 816 2469 utroque
844 2424 939 2454 non
969 2407 1101 2455 fidem
1125 2409 1266 2455 modo
1287 2409 1358 2466 se,
1388 2408 1460 2456 sed
1480 2409 1603 2456 obfi-

326 2476 400 2523 des
431 2493 642 2542 quoque,
676 2479 778 2526 dare
813 2494 1015 2543 paratum
1048 2481 1162 2538 ess'e,
1191 2480 1464 2531 ostendebat.
1496 2481 1603 2528 Per-
