1673 3052
239 188 318 237 1N
367 189 999 237 Loc.L113.XLV11
1054 192 1197 239 LIV.
1302 195 1395 253 269

96 293 348 347 Orophernes
373 298 505 346 enim,
527 309 616 336 cum
650 298 691 336 in
719 299 863 338 recenti
892 297 1118 349 poffeffione
1144 300 1296 339 firmare
1325 301 1393 340 fibi

96 359 271 400 favorem
291 359 497 399 hominum
520 361 726 410 prudentia
751 361 1022 412 beneficiisque
1043 363 1223 410 deberet,
1241 364 1322 414 pari
1339 365 1395 403 in-

96 424 286 473 temperie
299 422 340 461 in
353 421 491 462 luxum
512 424 547 462 <Sc
565 424 761 462 avaritiam
787 423 1016 474 provolutus
1035 424 1098 463 est.
1125 425 1226 464 Nam
1248 426 1284 464 ὃ(
1301 425 1393 464 vino

90 482 372 532 deditiffimus,
391 493 523 536 praeter
546 484 716 524 instituta
734 487 855 536 patria
869 515 880 534 ,
898 486 1179 526 Bacchicorum
1199 489 1393 528 artificum

94 536 313 586 introduxit
336 546 547 586 insaniam:
579 549 636 597 &,
663 549 830 598 pecunia
857 549 1106 600 undiquaque
1128 551 1275 590 corrasa
1289 583 1300 601 ,
1320 552 1394 591 Ti-

95 607 300 648 motheum
328 608 512 659 quidem,
535 623 610 659 quo
640 610 834 660 praecipue
861 612 1015 649 auctore
1043 612 1092 650 ad
1121 625 1282 662 regnum
1309 626 1395 664 per-

82 678 275 719 -venerat,
305 670 458 709 talentis
496 672 773 722 quadraginta,
801 672 1043 712 Demetrium
1076 686 1207 724 regem
1244 675 1396 726 septua-

93 732 225 782 ginta,
249 732 475 771 coronavit:
505 742 640 783 praeter
663 733 842 773 sexcenta
863 734 1034 784 talenta,
1057 750 1141 787 quae
1164 737 1280 788 paulo
1308 739 1392 788 post

92 803 387 833 numeraturum
415 795 545 834 eidem
575 797 750 850 recepit,
780 800 817 837 Sc
845 797 919 837 alio
947 799 1010 838 die
1037 800 1183 840 residua
1211 802 1391 852 quadrin-

92 867 220 908 genta.
245 857 398 907 Quibus
432 857 545 897 rebus
567 871 657 898 cum
679 859 862 900 alienatos
883 875 904 900 a
920 861 956 901 se
976 863 1223 914 popularium
1245 866 1395 904 animos

94 918 443 966 animadverteret,
465 921 545 968 jam
572 919 679 958 velut
703 921 752 960 ab
785 922 952 961 inimicis
978 925 1159 964 vindicrae
1185 926 1297 965 causa
1328 939 1394 965 ex-

91 979 298 1030 torquebat
323 979 534 1029 pecunias,
555 982 710 1030 quando
734 982 775 1020 in
799 982 954 1022 suorum
980 985 1118 1024 animis
1142 999 1221 1024 non
1246 985 1392 1037 pollet,

92 1042 135 1092 in
162 1041 223 1080 his
246 1041 353 1092 spem
374 1040 620 1091 praesentium
643 1056 769 1084 rerum
803 1044 1076 1087 collocaturus.
1102 1059 1148 1086 eo
1172 1047 1328 1086 consilio
1355 1050 1392 1088 ἃς

91 1103 197 1154 apud
217 1102 436 1143 Prienenses
453 1105 660 1154 pecuniam
674 1137 687 1152 ,
704 1106 848 1146 talenta
873 1109 1150 1160 quadringenta
1163 1141 1173 1159 ,
1198 1110 1392 1161 deposuit,

92 1174 138 1203 ut
162 1164 327 1204 subfidio
358 1164 436 1204 hoc
461 1165 502 1204 in
533 1179 690 1206 omnem
716 1168 912 1209 fortunam
940 1179 1123 1210 uteretur.

105 1249 107 1251 ¹
147 1234 292 1275 XVIII.
315 1233 424 1275 Nihil
449 1235 589 1276 horum
605 1238 832 1279 Ariarathen
849 1240 1032 1291 fallebat,
1056 1243 1135 1292 qui,
1153 1255 1242 1282 cum
1259 1244 1296 1283 se
1311 1244 1390 1294 ple-

92 1296 217 1347 risque
234 1296 513 1347 Cappadocum
534 1307 685 1347 gratum
706 1300 779 1340 effe
791 1333 803 1349 ,
820 1311 953 1341 contra
970 1302 1242 1354 Orophernem
1265 1306 1389 1343 omni·

91 1358 165 1398 bus
179 1357 337 1397 exosum
353 1389 364 1407 ‚
380 1357 506 1406 sciret,
528 1359 709 1409 colligere
731 1360 862 1408 copias
884 1362 1025 1411 coepit,
1042 1364 1078 1401 ἅτ
1092 1365 1197 1414 regni
1218 1374 1366 1415 partem
1378 1397 1390 1414 ,

91 1421 197 1461 unde
218 1421 257 1460 vi
283 1419 454 1459 extrusus
481 1420 628 1466 fuerat,
650 1421 687 1459 vi
712 1431 894 1470 repetere.
920 1424 1058 1474 Neque
1079 1424 1164 1466 leve
1189 1428 1389 1476 adjumen-

91 1490 177 1519 tum
209 1488 290 1518 erat
320 1478 496 1527 Attalus,
522 1483 588 1530 qui
616 1494 738 1532 nuper
767 1484 952 1524 defuncio
984 1487 1183 1535 Eumene,
1207 1503 1278 1539 pro
1308 1483 1388 1529 filio

91 1543 175 1590 ejus
201 1539 460 1580 Philometore
479 1542 607 1582 Attalo
632 1556 793 1593 regnum
815 1545 1077 1587 administrans
1091 1579 1101 1596 ,
1118 1548 1218 1588 enise
1244 1549 1391 1589 ferebat

93 1602 281 1643 auxilium
303 1616 312 1643 ε
341 1602 428 1654 plus
461 1612 591 1644 tamen
622 1605 700 1656 ipse
729 1607 796 1646 fibi
824 1609 991 1648 contulit
1009 1641 1019 1658 ,
1045 1612 1250 1661 prudentia
1277 1614 1312 1652 ἃ
1338 1612 1391 1651 la-

92 1665 186 1706 bore
215 1666 377 1716 dignum
402 1666 440 1705 se
467 1666 582 1715 loco,
609 1681 724 1719 quem
756 1671 1006 1721 reposcebat,
1036 1673 1248 1713 ostendens.
1274 1675 1390 1714 Unde

89 1742 149 1769 res
169 1728 254 1768 suas
277 1726 451 1779 quc'tidie
465 1731 673 1770 deteriores
695 1732 779 1771 fieri
798 1735 933 1773 videns
960 1734 1209 1785 Orophernes
1223 1768 1233 1784 ‚
1257 1739 1291 1776 δε
1311 1737 1387 1775 hoc

78 1805 244 1843 -quoque
267 1799 396 1840 metu,
419 1806 468 1831 ne
479 1794 530 1832 ad
554 1793 701 1834 hostem
719 1795 921 1843 deficeret,
946 1797 996 1835 ob
1018 1797 1298 1847 stipendiorum
1316 1798 1386 1837 sol-

90 1855 306 1895 vendorum
333 1868 498 1903 moram,
514 1859 708 1896 exercitus
721 1888 731 1906 ,
747 1871 861 1908 quem
883 1872 952 1909 per
971 1859 1195 1908 injustitiam
1216 1873 1381 1911 occupa-

90 1925 198 1957 verat
225 1917 391 1966 statum,
425 1916 626 1970 sacrilegio
662 1920 759 1958 tueri
792 1920 963 1961 instituit.
1013 1922 1174 1962 Celebre
1205 1924 1385 1974 gentibus

93 1980 169 2020 illis
185 1980 254 2020 sub
281 1990 437 2030 monte,
455 1995 572 2032 quem
593 1983 776 2023 Ariadnes
792 1991 959 2029 vocant
987 1984 1177 2035 templum
1195 1985 1272 2033 est,
1296 1985 1384 2033 Jovi

92 2042 268 2082 sacrum:
302 2043 344 2083 id
369 2045 488 2083 veteri
513 2043 714 2095 opulentia
735 2044 842 2084 dives
866 2045 1042 2096 ipoliavit
1068 2046 1158 2094 ille,
1184 2046 1389 2086 militibus-

26 2152 28 2155 ,
95 2118 168 2157 que
187 2092 422 2157 stipendium
442 2119 491 2145 ex
515 2118 558 2145 ea
585 2108 748 2158 pecunia
779 2107 958 2148 diffolvit.
1000 2110 1138 2160 Neque
1158 2119 1289 2148 tamen
1308 2115 1324 2163 (
1343 2117 1385 2148 ut

94 2167 209 2209 breve
239 2167 466 2219 plerumque
491 2182 615 2208 aevum
646 2170 697 2208 est
723 2171 905 2220 potentiae
928 2173 1089 2221 pravis
1080 2170 1222 2210 trtibus
1248 2171 1384 2210 fultis)

94 2233 164 2272 diu
184 2231 346 2270 resistere
370 2230 431 2270 vel
459 2230 625 2270 hostium
642 2232 783 2272 viribus
797 2263 808 2281 ,
828 2232 888 2271 vel
915 2234 1058 2272 civium
1084 2234 1181 2273 odiis
1195 2265 1205 2281 ,
1222 2235 1350 2284 potuit
1370 2246 1380 2271 t

95 2293 306 2344 relictoque
321 2306 438 2344 regno
451 2323 462 2342 ,
478 2295 527 2333 ad
548 2294 808 2344 Demetrium,
823 2295 926 2334 unde
941 2303 1096 2335 venerat
1108 2325 1119 2343 ‚
1135 2295 1381 2335 Antiochiam

145 2427 289 2470 ςΧνΠ.
316 2427 390 2460 Liv.
413 2429 502 2472 Epit.
524 2430 669 2473 Appiam.
690 2429 791 2464 Diod
818 2443 870 2476 ap.
884 2429 995 2467 V'alei
1016 2428 1139 2464 Quam.
1154 2427 1227 2462 hist.
1250 2440 1323 2462 var
1338 2439 1384 2465 2,

97 2471 294 2517 31.Polyb
322 2486 374 2517 ap.
402 2474 489 2506 Ath
483 2486 528 2507 n.
551 2486 585 2505 1
585 2486 683 2515 ,ιι
