<?xml version="1.0" encoding="UTF-8"?>
<!DOCTYPE html PUBLIC "-//W3C//DTD XHTML 1.0 Transitional//EN"
    "http://www.w3.org/TR/xhtml1/DTD/xhtml1-transitional.dtd">
<html xmlns="http://www.w3.org/1999/xhtml" xml:lang="en" lang="en">
 <head>
  <title>
</title>
<meta http-equiv="Content-Type" content="text/html;charset=utf-8" />
  <meta name='ocr-system' content='tesseract 3.04.00' />
  <meta name='ocr-capabilities' content='ocr_page ocr_carea ocr_par ocr_line ocrx_word'/>
</head>
<body>
  <div class='ocr_page' id='page_1' title='image "./historiarumlibri07livyuoft_0259.png"; bbox 0 0 1673 3052; ppageno 0'>
   <div class='ocr_carea' id='block_1_1' title="bbox 256 179 1397 246">
    <p class='ocr_par' dir='ltr' id='par_1_1' title="bbox 256 179 1397 246">
     <span class='ocr_line' id='line_1_1' title="bbox 256 179 1397 246; baseline -0.003 -17"><span class='ocrx_word' id='word_1_1' title='bbox 256 180 332 229; x_wconf 77' lang='lat' dir='ltr'>m</span> <span class='ocrx_word' id='word_1_2' title='bbox 375 179 551 228; x_wconf 77' lang='lat' dir='ltr'>Loc,</span> <span class='ocrx_word' id='word_1_3' title='bbox 586 180 727 228; x_wconf 69' lang='grc' dir='ltr'>ΜΒ.</span> <span class='ocrx_word' id='word_1_4' title='bbox 782 180 987 228; x_wconf 84' lang='lat' dir='ltr'>XLVI</span> <span class='ocrx_word' id='word_1_5' title='bbox 1031 181 1177 227; x_wconf 84' lang='lat' dir='ltr'>L1v.</span> <span class='ocrx_word' id='word_1_6' title='bbox 1309 194 1397 246; x_wconf 82' lang='lat'>251</span> 
     </span>
    </p>
   </div>
   <div class='ocr_carea' id='block_1_2' title="bbox 99 275 1406 2336">
    <p class='ocr_par' dir='ltr' id='par_1_2' title="bbox 108 275 1404 648">
     <span class='ocr_line' id='line_1_2' title="bbox 108 275 1403 342; baseline -0.002 -11"><span class='ocrx_word' id='word_1_7' title='bbox 108 297 237 331; x_wconf 86' lang='lat' dir='ltr'>morte</span> <span class='ocrx_word' id='word_1_8' title='bbox 267 288 427 342; x_wconf 86' lang='lat' dir='ltr'>collegae</span> <span class='ocrx_word' id='word_1_9' title='bbox 459 275 741 330; x_wconf 73' lang='lat' dir='ltr'>tumdltuantes</span> <span class='ocrx_word' id='word_1_10' title='bbox 770 296 964 330; x_wconf 86' lang='lat' dir='ltr'>coerceret</span> <span class='ocrx_word' id='word_1_11' title='bbox 986 303 996 330; x_wconf 77' lang='grc' dir='ltr'><strong>ε</strong></span> <span class='ocrx_word' id='word_1_12' title='bbox 1027 289 1143 338; x_wconf 87' lang='lat' dir='ltr'>inde,</span> <span class='ocrx_word' id='word_1_13' title='bbox 1168 288 1269 328; x_wconf 89' lang='lat' dir='ltr'>forte</span> <span class='ocrx_word' id='word_1_14' title='bbox 1295 287 1403 339; x_wconf 89' lang='lat' dir='ltr'>quod</span> 
     </span>
     <span class='ocr_line' id='line_1_3' title="bbox 108 351 1403 404; baseline -0.002 -12"><span class='ocrx_word' id='word_1_15' title='bbox 108 352 166 392; x_wconf 84' lang='lat' dir='ltr'>ibi</span> <span class='ocrx_word' id='word_1_16' title='bbox 199 365 354 404; x_wconf 90' lang='lat' dir='ltr'>quoque</span> <span class='ocrx_word' id='word_1_17' title='bbox 385 365 573 392; x_wconf 87' lang='lat' dir='ltr'>novarum</span> <span class='ocrx_word' id='word_1_18' title='bbox 609 366 737 392; x_wconf 88' lang='lat' dir='ltr'>rerum</span> <span class='ocrx_word' id='word_1_19' title='bbox 771 352 916 393; x_wconf 88' lang='lat' dir='ltr'>semina</span> <span class='ocrx_word' id='word_1_20' title='bbox 951 361 1088 402; x_wconf 85' lang='lat' dir='ltr'>erant,</span> <span class='ocrx_word' id='word_1_21' title='bbox 1112 352 1153 391; x_wconf 91' lang='lat' dir='ltr'>in</span> <span class='ocrx_word' id='word_1_22' title='bbox 1185 351 1403 392; x_wconf 81' lang='lat' dir='ltr'><strong>Sardiniam</strong></span> 
     </span>
     <span class='ocr_line' id='line_1_4' title="bbox 109 413 1402 465; baseline -0.002 -13"><span class='ocrx_word' id='word_1_23' title='bbox 109 413 359 463; x_wconf 85' lang='lat' dir='ltr'>transjeciffe.</span> <span class='ocrx_word' id='word_1_24' title='bbox 396 413 534 464; x_wconf 81' lang='lat' dir='ltr'>Neque</span> <span class='ocrx_word' id='word_1_25' title='bbox 560 413 665 453; x_wconf 89' lang='lat' dir='ltr'>enim</span> <span class='ocrx_word' id='word_1_26' title='bbox 692 414 741 454; x_wconf 91' lang='lat' dir='ltr'>de</span> <span class='ocrx_word' id='word_1_27' title='bbox 771 414 884 465; x_wconf 86' lang='lat' dir='ltr'>gestis</span> <span class='ocrx_word' id='word_1_28' title='bbox 917 413 1034 464; x_wconf 89' lang='lat' dir='ltr'>hujus</span> <span class='ocrx_word' id='word_1_29' title='bbox 1072 416 1107 453; x_wconf 65' lang='grc' dir='ltr'>ἃ</span> <span class='ocrx_word' id='word_1_30' title='bbox 1137 413 1402 464; x_wconf 82' lang='lat' dir='ltr'>proximorum</span> 
     </span>
     <span class='ocr_line' id='line_1_5' title="bbox 108 476 1404 528; baseline -0.001 -13"><span class='ocrx_word' id='word_1_31' title='bbox 108 489 301 518; x_wconf 88' lang='lat' dir='ltr'>annorum</span> <span class='ocrx_word' id='word_1_32' title='bbox 323 484 428 516; x_wconf 85' lang='lat' dir='ltr'>certa</span> <span class='ocrx_word' id='word_1_33' title='bbox 450 476 539 516; x_wconf 85' lang='lat' dir='ltr'>satis</span> <span class='ocrx_word' id='word_1_34' title='bbox 569 477 756 517; x_wconf 88' lang='lat' dir='ltr'>memoria</span> <span class='ocrx_word' id='word_1_35' title='bbox 781 476 971 528; x_wconf 88' lang='lat' dir='ltr'>superest,</span> <span class='ocrx_word' id='word_1_36' title='bbox 993 477 1058 516; x_wconf 92' lang='lat' dir='ltr'>sed</span> <span class='ocrx_word' id='word_1_37' title='bbox 1083 476 1219 516; x_wconf 85' lang='lat' dir='ltr'>leviter</span> <span class='ocrx_word' id='word_1_38' title='bbox 1244 485 1404 515; x_wconf 84' lang='lat' dir='ltr'>annota-</span> 
     </span>
     <span class='ocr_line' id='line_1_6' title="bbox 108 536 1404 590; baseline 0.002 -14"><span class='ocrx_word' id='word_1_39' title='bbox 108 550 220 587; x_wconf 87' lang='lat' dir='ltr'>tum,</span> <span class='ocrx_word' id='word_1_40' title='bbox 244 538 393 578; x_wconf 90' lang='lat' dir='ltr'>circum</span> <span class='ocrx_word' id='word_1_41' title='bbox 420 536 504 577; x_wconf 85' lang='lat' dir='ltr'>haec</span> <span class='ocrx_word' id='word_1_42' title='bbox 528 546 704 590; x_wconf 88' lang='lat' dir='ltr'>tempora</span> <span class='ocrx_word' id='word_1_43' title='bbox 729 546 863 579; x_wconf 86' lang='lat' dir='ltr'>contra</span> <span class='ocrx_word' id='word_1_44' title='bbox 884 539 1067 589; x_wconf 83' lang='lat' dir='ltr'>Ligures,</span> <span class='ocrx_word' id='word_1_45' title='bbox 1086 538 1247 587; x_wconf 87' lang='lat' dir='ltr'>Corsos,</span> <span class='ocrx_word' id='word_1_46' title='bbox 1271 540 1307 578; x_wconf 87' lang='lat'>&amp;</span> <span class='ocrx_word' id='word_1_47' title='bbox 1330 537 1404 578; x_wconf 92' lang='lat' dir='ltr'>Lu-</span> 
     </span>
     <span class='ocr_line' id='line_1_7' title="bbox 108 597 925 648; baseline 0.005 -12"><span class='ocrx_word' id='word_1_48' title='bbox 108 597 272 648; x_wconf 66' lang='lat' dir='ltr'>manos,</span> <span class='ocrx_word' id='word_1_49' title='bbox 298 598 403 639; x_wconf 86' lang='lat' dir='ltr'>vario</span> <span class='ocrx_word' id='word_1_50' title='bbox 430 598 600 639; x_wconf 80' lang='lat' dir='ltr'>successu</span> <span class='ocrx_word' id='word_1_51' title='bbox 626 600 811 640; x_wconf 84' lang='lat' dir='ltr'>bellatum</span> <span class='ocrx_word' id='word_1_52' title='bbox 838 599 925 640; x_wconf 82' lang='lat' dir='ltr'>effe.</span> 
     </span>
    </p>

    <p class='ocr_par' dir='ltr' id='par_1_3' title="bbox 99 660 1406 1825">
     <span class='ocr_line' id='line_1_8' title="bbox 162 660 1403 716; baseline -0.002 -12"><span class='ocrx_word' id='word_1_53' title='bbox 162 660 351 704; x_wconf 86' lang='lat' dir='ltr'>XXVIII.</span> <span class='ocrx_word' id='word_1_54' title='bbox 382 663 471 713; x_wconf 86' lang='lat' dir='ltr'>Jam</span> <span class='ocrx_word' id='word_1_55' title='bbox 493 663 624 715; x_wconf 87' lang='lat' dir='ltr'>Scipio</span> <span class='ocrx_word' id='word_1_56' title='bbox 654 663 887 715; x_wconf 73' lang='lat' dir='ltr'>figulusque</span> <span class='ocrx_word' id='word_1_57' title='bbox 913 677 994 704; x_wconf 88' lang='lat' dir='ltr'>non</span> <span class='ocrx_word' id='word_1_58' title='bbox 1023 663 1284 716; x_wconf 84' lang='lat' dir='ltr'>magistratum</span> <span class='ocrx_word' id='word_1_59' title='bbox 1308 662 1403 702; x_wconf 88' lang='lat' dir='ltr'>inie-</span> 
     </span>
     <span class='ocr_line' id='line_1_9' title="bbox 107 725 1403 778; baseline 0.002 -16"><span class='ocrx_word' id='word_1_60' title='bbox 107 732 194 764; x_wconf 86' lang='lat' dir='ltr'>rant</span> <span class='ocrx_word' id='word_1_61' title='bbox 213 726 359 774; x_wconf 80' lang='lat' dir='ltr'>modo3</span> <span class='ocrx_word' id='word_1_62' title='bbox 382 725 448 766; x_wconf 87' lang='lat' dir='ltr'>sed</span> <span class='ocrx_word' id='word_1_63' title='bbox 467 725 652 767; x_wconf 85' lang='lat' dir='ltr'>etiamin</span> <span class='ocrx_word' id='word_1_64' title='bbox 675 727 893 778; x_wconf 87' lang='lat' dir='ltr'>provincias</span> <span class='ocrx_word' id='word_1_65' title='bbox 920 727 1076 767; x_wconf 89' lang='lat' dir='ltr'>fuerant</span> <span class='ocrx_word' id='word_1_66' title='bbox 1097 727 1264 778; x_wconf 59' lang='lat' dir='ltr'>profecti</span> <span class='ocrx_word' id='word_1_67' title='bbox 1280 755 1291 775; x_wconf 86' lang='lat'>‚</span> <span class='ocrx_word' id='word_1_68' title='bbox 1312 737 1403 764; x_wconf 88' lang='lat' dir='ltr'>cum</span> 
     </span>
     <span class='ocr_line' id='line_1_10' title="bbox 108 786 1404 841; baseline -0.002 -12"><span class='ocrx_word' id='word_1_69' title='bbox 108 786 172 829; x_wconf 87' lang='lat' dir='ltr'>Ti.</span> <span class='ocrx_word' id='word_1_70' title='bbox 202 787 368 828; x_wconf 84' lang='lat' dir='ltr'><strong>Gracchi</strong></span> <span class='ocrx_word' id='word_1_71' title='bbox 404 787 532 828; x_wconf 85' lang='lat' dir='ltr'>literas</span> <span class='ocrx_word' id='word_1_72' title='bbox 564 790 615 829; x_wconf 88' lang='lat' dir='ltr'>ad</span> <span class='ocrx_word' id='word_1_73' title='bbox 642 788 817 828; x_wconf 81' lang='lat' dir='ltr'>senatum</span> <span class='ocrx_word' id='word_1_74' title='bbox 842 802 1005 841; x_wconf 88' lang='lat' dir='ltr'>augures</span> <span class='ocrx_word' id='word_1_75' title='bbox 1029 788 1225 837; x_wconf 85' lang='lat' dir='ltr'>detulere,</span> <span class='ocrx_word' id='word_1_76' title='bbox 1249 788 1298 827; x_wconf 89' lang='lat' dir='ltr'>ad</span> <span class='ocrx_word' id='word_1_77' title='bbox 1326 787 1404 826; x_wconf 89' lang='lat' dir='ltr'>eol-</span> 
     </span>
     <span class='ocr_line' id='line_1_11' title="bbox 107 847 1403 902; baseline -0.001 -14"><span class='ocrx_word' id='word_1_78' title='bbox 107 847 257 901; x_wconf 88' lang='lat' dir='ltr'>Iegium</span> <span class='ocrx_word' id='word_1_79' title='bbox 271 851 382 891; x_wconf 90' lang='lat' dir='ltr'>suum</span> <span class='ocrx_word' id='word_1_80' title='bbox 404 863 455 890; x_wconf 82' lang='lat' dir='ltr'>ex</span> <span class='ocrx_word' id='word_1_81' title='bbox 468 852 647 892; x_wconf 86' lang='lat' dir='ltr'>Sardinia</span> <span class='ocrx_word' id='word_1_82' title='bbox 659 851 805 901; x_wconf 85' lang='lat' dir='ltr'>miffas,</span> <span class='ocrx_word' id='word_1_83' title='bbox 821 852 959 902; x_wconf 88' lang='lat' dir='ltr'>quibus</span> <span class='ocrx_word' id='word_1_84' title='bbox 977 850 1232 902; x_wconf 81' lang='lat' dir='ltr'>fignificabat,</span> <span class='ocrx_word' id='word_1_85' title='bbox 1249 850 1403 888; x_wconf 85' lang='lat' dir='ltr'>comitiis</span> 
     </span>
     <span class='ocr_line' id='line_1_12' title="bbox 106 912 1403 968; baseline 0.001 -18"><span class='ocrx_word' id='word_1_86' title='bbox 106 912 372 966; x_wconf 81' lang='lat' dir='ltr'>considaribus‚</span> <span class='ocrx_word' id='word_1_87' title='bbox 405 927 480 952; x_wconf 88' lang='lat' dir='ltr'>cum</span> <span class='ocrx_word' id='word_1_88' title='bbox 517 915 567 952; x_wconf 83' lang='lat' dir='ltr'>ad</span> <span class='ocrx_word' id='word_1_89' title='bbox 596 915 789 967; x_wconf 80' lang='lat' dir='ltr'>auspicium</span> <span class='ocrx_word' id='word_1_90' title='bbox 820 916 1034 968; x_wconf 84' lang='lat' dir='ltr'>repetendum</span> <span class='ocrx_word' id='word_1_91' title='bbox 1072 915 1153 952; x_wconf 84' lang='lat' dir='ltr'>urbe</span> <span class='ocrx_word' id='word_1_92' title='bbox 1178 915 1217 952; x_wconf 82' lang='lat' dir='ltr'>in</span> <span class='ocrx_word' id='word_1_93' title='bbox 1245 927 1403 967; x_wconf 81' lang='lat' dir='ltr'>campum</span> 
     </span>
     <span class='ocr_line' id='line_1_13' title="bbox 107 974 1403 1030; baseline 0.002 -18"><span class='ocrx_word' id='word_1_94' title='bbox 107 974 273 1027; x_wconf 51' lang='lat' dir='ltr'>reditffess</span> <span class='ocrx_word' id='word_1_95' title='bbox 309 976 423 1014; x_wconf 86' lang='lat' dir='ltr'>eodem</span> <span class='ocrx_word' id='word_1_96' title='bbox 440 977 482 1028; x_wconf 88' lang='lat' dir='ltr'>se</span> <span class='ocrx_word' id='word_1_97' title='bbox 505 976 755 1027; x_wconf 74' lang='lat' dir='ltr'>tabernaculo,</span> <span class='ocrx_word' id='word_1_98' title='bbox 785 992 852 1030; x_wconf 86' lang='lat' dir='ltr'>quo</span> <span class='ocrx_word' id='word_1_99' title='bbox 878 988 987 1015; x_wconf 85' lang='lat' dir='ltr'>antea</span> <span class='ocrx_word' id='word_1_100' title='bbox 1009 978 1050 1014; x_wconf 87' lang='lat' dir='ltr'>de</span> <span class='ocrx_word' id='word_1_101' title='bbox 1071 976 1153 1015; x_wconf 87' lang='lat' dir='ltr'>coelo</span> <span class='ocrx_word' id='word_1_102' title='bbox 1172 977 1403 1030; x_wconf 69' lang='lat' dir='ltr'>servaverat,</span> 
     </span>
     <span class='ocr_line' id='line_1_14' title="bbox 108 1035 1405 1092; baseline 0.001 -18"><span class='ocrx_word' id='word_1_103' title='bbox 108 1035 207 1088; x_wconf 69' lang='lat' dir='ltr'>ufitm</span> <span class='ocrx_word' id='word_1_104' title='bbox 221 1051 233 1075; x_wconf 91' lang='lat'>.·</span> <span class='ocrx_word' id='word_1_105' title='bbox 255 1037 296 1075; x_wconf 86' lang='lat' dir='ltr'>id</span> <span class='ocrx_word' id='word_1_106' title='bbox 304 1035 386 1090; x_wconf 84' lang='lat' dir='ltr'>jam</span> <span class='ocrx_word' id='word_1_107' title='bbox 409 1036 519 1075; x_wconf 83' lang='lat' dir='ltr'>libros</span> <span class='ocrx_word' id='word_1_108' title='bbox 537 1038 728 1091; x_wconf 82' lang='lat' dir='ltr'>augurales</span> <span class='ocrx_word' id='word_1_109' title='bbox 750 1039 877 1092; x_wconf 80' lang='lat' dir='ltr'>legenti</span> <span class='ocrx_word' id='word_1_110' title='bbox 893 1053 1058 1091; x_wconf 84' lang='lat' dir='ltr'>apparere</span> <span class='ocrx_word' id='word_1_111' title='bbox 1081 1042 1202 1076; x_wconf 72' lang='lat' dir='ltr'>refi‘um</span> <span class='ocrx_word' id='word_1_112' title='bbox 1221 1053 1293 1079; x_wconf 77' lang='lat' dir='ltr'>non</span> <span class='ocrx_word' id='word_1_113' title='bbox 1308 1037 1405 1091; x_wconf 74' lang='lat' dir='ltr'>suifi-</span> 
     </span>
     <span class='ocr_line' id='line_1_15' title="bbox 99 1098 1403 1154; baseline 0.002 -18"><span class='ocrx_word' id='word_1_114' title='bbox 99 1098 142 1150; x_wconf 87' lang='lat' dir='ltr'>se</span> <span class='ocrx_word' id='word_1_115' title='bbox 154 1112 167 1136; x_wconf 91' lang='lat'>.·</span> <span class='ocrx_word' id='word_1_116' title='bbox 191 1112 331 1151; x_wconf 83' lang='lat' dir='ltr'>eamque</span> <span class='ocrx_word' id='word_1_117' title='bbox 349 1112 416 1138; x_wconf 81' lang='lat' dir='ltr'>rem</span> <span class='ocrx_word' id='word_1_118' title='bbox 429 1129 442 1148; x_wconf 86' lang='lat'><strong>,</strong></span> <span class='ocrx_word' id='word_1_119' title='bbox 458 1099 537 1138; x_wconf 78' lang='lat' dir='ltr'>licet</span> <span class='ocrx_word' id='word_1_120' title='bbox 562 1114 638 1139; x_wconf 86' lang='lat' dir='ltr'>cum</span> <span class='ocrx_word' id='word_1_121' title='bbox 653 1100 721 1153; x_wconf 87' lang='lat' dir='ltr'>suo</span> <span class='ocrx_word' id='word_1_122' title='bbox 734 1102 870 1154; x_wconf 83' lang='lat' dir='ltr'>pudore</span> <span class='ocrx_word' id='word_1_123' title='bbox 886 1100 1073 1154; x_wconf 72' lang='lat' dir='ltr'>conjunfc&#39;a</span> <span class='ocrx_word' id='word_1_124' title='bbox 1096 1100 1175 1152; x_wconf 70' lang='lat' dir='ltr'>effitt</span> <span class='ocrx_word' id='word_1_125' title='bbox 1189 1131 1201 1149; x_wconf 88' lang='lat'><strong>,</strong></span> <span class='ocrx_word' id='word_1_126' title='bbox 1221 1101 1305 1153; x_wconf 81' lang='lat' dir='ltr'>quia</span> <span class='ocrx_word' id='word_1_127' title='bbox 1323 1114 1403 1152; x_wconf 82' lang='lat' dir='ltr'>per-</span> 
     </span>
     <span class='ocr_line' id='line_1_16' title="bbox 108 1158 1403 1214; baseline 0 -18"><span class='ocrx_word' id='word_1_128' title='bbox 108 1158 216 1196; x_wconf 83' lang='lat' dir='ltr'>tinere</span> <span class='ocrx_word' id='word_1_129' title='bbox 227 1160 279 1198; x_wconf 87' lang='lat' dir='ltr'>ad</span> <span class='ocrx_word' id='word_1_130' title='bbox 290 1158 477 1212; x_wconf 83' lang='lat' dir='ltr'>religiones</span> <span class='ocrx_word' id='word_1_131' title='bbox 487 1159 614 1212; x_wconf 85' lang='lat' dir='ltr'>populi</span> <span class='ocrx_word' id='word_1_132' title='bbox 628 1161 783 1199; x_wconf 85' lang='lat' dir='ltr'>Romani</span> <span class='ocrx_word' id='word_1_133' title='bbox 808 1161 983 1199; x_wconf 78' lang='lat' dir='ltr'>videretur</span> <span class='ocrx_word' id='word_1_134' title='bbox 994 1190 1005 1208; x_wconf 80' lang='grc'><em>,</em></span> <span class='ocrx_word' id='word_1_135' title='bbox 1020 1160 1226 1214; x_wconf 83' lang='lat' dir='ltr'>perscribere</span> <span class='ocrx_word' id='word_1_136' title='bbox 1245 1158 1403 1211; x_wconf 67' lang='lat' dir='ltr'>voluiffe.</span> 
     </span>
     <span class='ocr_line' id='line_1_17' title="bbox 109 1217 1404 1272; baseline 0.001 -15"><span class='ocrx_word' id='word_1_137' title='bbox 109 1217 238 1258; x_wconf 87' lang='lat' dir='ltr'>Tanta</span> <span class='ocrx_word' id='word_1_138' title='bbox 259 1231 319 1259; x_wconf 86' lang='lat' dir='ltr'>res</span> <span class='ocrx_word' id='word_1_139' title='bbox 338 1219 487 1259; x_wconf 87' lang='lat' dir='ltr'>senatui</span> <span class='ocrx_word' id='word_1_140' title='bbox 512 1219 612 1267; x_wconf 86' lang='lat' dir='ltr'>visa,</span> <span class='ocrx_word' id='word_1_141' title='bbox 627 1228 673 1261; x_wconf 90' lang='lat' dir='ltr'>ut</span> <span class='ocrx_word' id='word_1_142' title='bbox 689 1234 711 1260; x_wconf 88' lang='lat' dir='ltr'>a</span> <span class='ocrx_word' id='word_1_143' title='bbox 737 1228 900 1272; x_wconf 84' lang='lat' dir='ltr'>praetore</span> <span class='ocrx_word' id='word_1_144' title='bbox 915 1220 1062 1260; x_wconf 86' lang='lat' dir='ltr'>urbano</span> <span class='ocrx_word' id='word_1_145' title='bbox 1086 1220 1212 1259; x_wconf 87' lang='lat' dir='ltr'>literas</span> <span class='ocrx_word' id='word_1_146' title='bbox 1235 1220 1283 1258; x_wconf 88' lang='lat' dir='ltr'>ad</span> <span class='ocrx_word' id='word_1_147' title='bbox 1301 1231 1404 1258; x_wconf 87' lang='lat' dir='ltr'>con·</span> 
     </span>
     <span class='ocr_line' id='line_1_18' title="bbox 108 1278 1400 1335; baseline 0.001 -15"><span class='ocrx_word' id='word_1_148' title='bbox 108 1278 443 1324; x_wconf 80' lang='lat' dir='ltr'>sules&#39;scribendas</span> <span class='ocrx_word' id='word_1_149' title='bbox 459 1284 630 1324; x_wconf 87' lang='lat' dir='ltr'>censeret</span> <span class='ocrx_word' id='word_1_150' title='bbox 642 1316 653 1334; x_wconf 92' lang='lat'><strong>,</strong></span> <span class='ocrx_word' id='word_1_151' title='bbox 667 1285 807 1335; x_wconf 88' lang='lat' dir='ltr'>quibus</span> <span class='ocrx_word' id='word_1_152' title='bbox 829 1286 1014 1325; x_wconf 87' lang='lat' dir='ltr'>certiores</span> <span class='ocrx_word' id='word_1_153' title='bbox 1028 1285 1077 1324; x_wconf 90' lang='lat' dir='ltr'>de</span> <span class='ocrx_word' id='word_1_154' title='bbox 1092 1297 1139 1324; x_wconf 91' lang='lat' dir='ltr'>eo</span> <span class='ocrx_word' id='word_1_155' title='bbox 1154 1283 1310 1334; x_wconf 87' lang='lat' dir='ltr'>negotio</span> <span class='ocrx_word' id='word_1_156' title='bbox 1326 1283 1400 1322; x_wconf 84' lang='lat' dir='ltr'>fie-</span> 
     </span>
     <span class='ocr_line' id='line_1_19' title="bbox 99 1345 1402 1398; baseline 0 -15"><span class='ocrx_word' id='word_1_157' title='bbox 99 1352 195 1383; x_wconf 76' lang='lat' dir='ltr'>rent</span> <span class='ocrx_word' id='word_1_158' title='bbox 207 1375 219 1394; x_wconf 82' lang='lat'>,</span> <span class='ocrx_word' id='word_1_159' title='bbox 235 1345 516 1397; x_wconf 88' lang='lat' dir='ltr'>provinciisque</span> <span class='ocrx_word' id='word_1_160' title='bbox 533 1347 722 1387; x_wconf 88' lang='lat' dir='ltr'>decedere</span> <span class='ocrx_word' id='word_1_161' title='bbox 737 1348 972 1398; x_wconf 88' lang='lat' dir='ltr'>juberentur.</span> <span class='ocrx_word' id='word_1_162' title='bbox 989 1347 1107 1398; x_wconf 88' lang='lat' dir='ltr'>Atqui</span> <span class='ocrx_word' id='word_1_163' title='bbox 1121 1346 1178 1385; x_wconf 91' lang='lat' dir='ltr'>illi</span> <span class='ocrx_word' id='word_1_164' title='bbox 1194 1346 1286 1386; x_wconf 82' lang='lat' dir='ltr'>vitio</span> <span class='ocrx_word' id='word_1_165' title='bbox 1299 1356 1402 1384; x_wconf 84' lang='lat' dir='ltr'>crea·</span> 
     </span>
     <span class='ocr_line' id='line_1_20' title="bbox 109 1408 1401 1461; baseline -0.001 -14"><span class='ocrx_word' id='word_1_166' title='bbox 109 1416 172 1448; x_wconf 85' lang='lat' dir='ltr'>tos</span> <span class='ocrx_word' id='word_1_167' title='bbox 199 1409 295 1459; x_wconf 89' lang='lat' dir='ltr'>rati,</span> <span class='ocrx_word' id='word_1_168' title='bbox 321 1411 358 1450; x_wconf 66' lang='grc' dir='ltr'><strong><em>ἃ</em></strong></span> <span class='ocrx_word' id='word_1_169' title='bbox 392 1410 649 1461; x_wconf 87' lang='lat' dir='ltr'>antiquiorem</span> <span class='ocrx_word' id='word_1_170' title='bbox 679 1409 900 1461; x_wconf 76' lang='lat' dir='ltr'>reipublicae</span> <span class='ocrx_word' id='word_1_171' title='bbox 915 1441 927 1459; x_wconf 94' lang='lat'>‚</span> <span class='ocrx_word' id='word_1_172' title='bbox 949 1423 1066 1460; x_wconf 86' lang='lat' dir='ltr'>quam</span> <span class='ocrx_word' id='word_1_173' title='bbox 1083 1408 1157 1448; x_wconf 83' lang='lat' dir='ltr'>suae</span> <span class='ocrx_word' id='word_1_174' title='bbox 1176 1408 1373 1459; x_wconf 85' lang='lat' dir='ltr'>dignitatis</span> <span class='ocrx_word' id='word_1_175' title='bbox 1389 1438 1401 1456; x_wconf 86' lang='lat'><strong>,</strong></span> 
     </span>
     <span class='ocr_line' id='line_1_21' title="bbox 108 1469 1402 1523; baseline -0.001 -13"><span class='ocrx_word' id='word_1_176' title='bbox 108 1482 242 1510; x_wconf 88' lang='lat' dir='ltr'>curam</span> <span class='ocrx_word' id='word_1_177' title='bbox 277 1470 352 1511; x_wconf 84' lang='lat' dir='ltr'>effe</span> <span class='ocrx_word' id='word_1_178' title='bbox 381 1480 590 1523; x_wconf 80' lang='lat' dir='ltr'>oportere3</span> <span class='ocrx_word' id='word_1_179' title='bbox 622 1472 755 1523; x_wconf 87' lang='lat' dir='ltr'>Scipio</span> <span class='ocrx_word' id='word_1_180' title='bbox 783 1485 803 1512; x_wconf 92' lang='lat' dir='ltr'>e</span> <span class='ocrx_word' id='word_1_181' title='bbox 833 1472 983 1512; x_wconf 83' lang='lat' dir='ltr'>Corfica</span> <span class='ocrx_word' id='word_1_182' title='bbox 1002 1503 1013 1521; x_wconf 82' lang='lat'>,</span> <span class='ocrx_word' id='word_1_183' title='bbox 1038 1471 1195 1523; x_wconf 85' lang='lat' dir='ltr'>Figulus</span> <span class='ocrx_word' id='word_1_184' title='bbox 1225 1484 1246 1510; x_wconf 93' lang='lat' dir='ltr'>e</span> <span class='ocrx_word' id='word_1_185' title='bbox 1278 1469 1402 1511; x_wconf 85' lang='lat' dir='ltr'>Gallia</span> 
     </span>
     <span class='ocr_line' id='line_1_22' title="bbox 108 1533 1400 1584; baseline -0.001 -13"><span class='ocrx_word' id='word_1_186' title='bbox 108 1540 303 1572; x_wconf 83' lang='lat' dir='ltr'>maturato</span> <span class='ocrx_word' id='word_1_187' title='bbox 324 1533 452 1573; x_wconf 82' lang='lat' dir='ltr'>reditu</span> <span class='ocrx_word' id='word_1_188' title='bbox 467 1564 480 1581; x_wconf 92' lang='lat'>,</span> <span class='ocrx_word' id='word_1_189' title='bbox 503 1533 765 1584; x_wconf 85' lang='lat' dir='ltr'>magistratum</span> <span class='ocrx_word' id='word_1_190' title='bbox 793 1534 1031 1573; x_wconf 86' lang='lat' dir='ltr'>abdicarunt.</span> <span class='ocrx_word' id='word_1_191' title='bbox 1061 1534 1165 1574; x_wconf 88' lang='lat' dir='ltr'>Nam</span> <span class='ocrx_word' id='word_1_192' title='bbox 1189 1535 1224 1573; x_wconf 71' lang='grc' dir='ltr'><strong>ἃ</strong></span> <span class='ocrx_word' id='word_1_193' title='bbox 1245 1533 1400 1583; x_wconf 84' lang='lat' dir='ltr'>ingenio</span> 
     </span>
     <span class='ocr_line' id='line_1_23' title="bbox 108 1593 1403 1651; baseline 0.001 -18"><span class='ocrx_word' id='word_1_194' title='bbox 108 1593 236 1646; x_wconf 86' lang='lat' dir='ltr'>probo</span> <span class='ocrx_word' id='word_1_195' title='bbox 260 1596 511 1648; x_wconf 86' lang='lat' dir='ltr'>modestoque</span> <span class='ocrx_word' id='word_1_196' title='bbox 535 1606 645 1636; x_wconf 89' lang='lat' dir='ltr'>erant</span> <span class='ocrx_word' id='word_1_197' title='bbox 669 1598 832 1651; x_wconf 84' lang='lat' dir='ltr'>(Scipio</span> <span class='ocrx_word' id='word_1_198' title='bbox 857 1598 972 1637; x_wconf 88' lang='lat' dir='ltr'>etiam</span> <span class='ocrx_word' id='word_1_199' title='bbox 997 1597 1190 1649; x_wconf 86' lang='lat' dir='ltr'>sapientiae</span> <span class='ocrx_word' id='word_1_200' title='bbox 1214 1596 1318 1636; x_wconf 86' lang='lat' dir='ltr'>fama</span> <span class='ocrx_word' id='word_1_201' title='bbox 1342 1607 1403 1634; x_wconf 88' lang='lat' dir='ltr'>ce-</span> 
     </span>
     <span class='ocr_line' id='line_1_24' title="bbox 109 1656 1402 1712; baseline 0.002 -16"><span class='ocrx_word' id='word_1_202' title='bbox 109 1656 254 1707; x_wconf 86' lang='lat' dir='ltr'>lebris)</span> <span class='ocrx_word' id='word_1_203' title='bbox 273 1660 310 1699; x_wconf 72' lang='grc' dir='ltr'>δι</span> <span class='ocrx_word' id='word_1_204' title='bbox 333 1659 659 1710; x_wconf 81' lang='lat' dir='ltr'>recordabantur,</span> <span class='ocrx_word' id='word_1_205' title='bbox 679 1661 792 1712; x_wconf 85' lang='lat' dir='ltr'>quale</span> <span class='ocrx_word' id='word_1_206' title='bbox 809 1661 850 1702; x_wconf 90' lang='lat' dir='ltr'>C.</span> <span class='ocrx_word' id='word_1_207' title='bbox 872 1661 1082 1701; x_wconf 81' lang='lat' dir='ltr'>Flaminius</span> <span class='ocrx_word' id='word_1_208' title='bbox 1102 1661 1144 1700; x_wconf 89' lang='lat' dir='ltr'>in</span> <span class='ocrx_word' id='word_1_209' title='bbox 1158 1659 1269 1700; x_wconf 84' lang='lat' dir='ltr'>causa</span> <span class='ocrx_word' id='word_1_210' title='bbox 1291 1659 1402 1699; x_wconf 75' lang='lat' dir='ltr'>simili</span> 
     </span>
     <span class='ocr_line' id='line_1_25' title="bbox 107 1717 1406 1775; baseline 0.002 -16"><span class='ocrx_word' id='word_1_211' title='bbox 107 1717 259 1760; x_wconf 85' lang='lat' dir='ltr'>senatus</span> <span class='ocrx_word' id='word_1_212' title='bbox 281 1723 512 1763; x_wconf 65' lang='lat' dir='ltr'>auctoritate</span> <span class='ocrx_word' id='word_1_213' title='bbox 545 1723 694 1775; x_wconf 85' lang='lat' dir='ltr'>spreta,</span> <span class='ocrx_word' id='word_1_214' title='bbox 715 1734 910 1765; x_wconf 84' lang='lat' dir='ltr'>certamen</span> <span class='ocrx_word' id='word_1_215' title='bbox 937 1737 1028 1764; x_wconf 90' lang='lat' dir='ltr'>curn</span> <span class='ocrx_word' id='word_1_216' title='bbox 1049 1724 1248 1774; x_wconf 85' lang='lat' dir='ltr'>Patribus,</span> <span class='ocrx_word' id='word_1_217' title='bbox 1274 1724 1309 1763; x_wconf 85' lang='lat'>&amp;</span> <span class='ocrx_word' id='word_1_218' title='bbox 1334 1735 1406 1774; x_wconf 74' lang='lat' dir='ltr'>po-</span> 
     </span>
     <span class='ocr_line' id='line_1_26' title="bbox 104 1780 624 1825; baseline 0.006 -3"><span class='ocrx_word' id='word_1_219' title='bbox 104 1780 247 1822; x_wconf 84' lang='lat' dir='ltr'>stremo</span> <span class='ocrx_word' id='word_1_220' title='bbox 273 1783 398 1823; x_wconf 84' lang='lat' dir='ltr'>fatum</span> <span class='ocrx_word' id='word_1_221' title='bbox 424 1784 624 1825; x_wconf 81' lang='lat' dir='ltr'>habuisset.</span> 
     </span>
    </p>

    <p class='ocr_par' dir='ltr' id='par_1_4' title="bbox 107 1844 1404 2336">
     <span class='ocr_line' id='line_1_27' title="bbox 163 1844 1402 1897; baseline 0 -13"><span class='ocrx_word' id='word_1_222' title='bbox 163 1844 321 1885; x_wconf 87' lang='lat' dir='ltr'>XXIX.</span> <span class='ocrx_word' id='word_1_223' title='bbox 347 1845 416 1886; x_wconf 90' lang='lat' dir='ltr'>Per</span> <span class='ocrx_word' id='word_1_224' title='bbox 440 1847 670 1897; x_wconf 83' lang='lat' dir='ltr'>interregem</span> <span class='ocrx_word' id='word_1_225' title='bbox 696 1847 835 1887; x_wconf 87' lang='lat' dir='ltr'>deinde</span> <span class='ocrx_word' id='word_1_226' title='bbox 860 1847 1008 1887; x_wconf 66' lang='lat' dir='ltr'>suffec‘ti</span> <span class='ocrx_word' id='word_1_227' title='bbox 1035 1846 1222 1887; x_wconf 88' lang='lat' dir='ltr'>consules.</span> <span class='ocrx_word' id='word_1_228' title='bbox 1245 1847 1284 1887; x_wconf 87' lang='lat' dir='ltr'>P.</span> <span class='ocrx_word' id='word_1_229' title='bbox 1311 1846 1402 1886; x_wconf 89' lang='lat' dir='ltr'>Cor-</span> 
     </span>
     <span class='ocr_line' id='line_1_28' title="bbox 108 1906 1404 1960; baseline 0.002 -15"><span class='ocrx_word' id='word_1_230' title='bbox 108 1906 233 1946; x_wconf 85' lang='lat' dir='ltr'>nelius</span> <span class='ocrx_word' id='word_1_231' title='bbox 245 1908 287 1948; x_wconf 91' lang='lat' dir='ltr'>L.</span> <span class='ocrx_word' id='word_1_232' title='bbox 301 1908 341 1948; x_wconf 80' lang='lat' dir='ltr'>F.</span> <span class='ocrx_word' id='word_1_233' title='bbox 358 1908 397 1949; x_wconf 92' lang='lat' dir='ltr'>L.</span> <span class='ocrx_word' id='word_1_234' title='bbox 410 1910 459 1950; x_wconf 92' lang='lat' dir='ltr'>N.</span> <span class='ocrx_word' id='word_1_235' title='bbox 475 1910 673 1960; x_wconf 77' lang='lat' dir='ltr'>Lentulus,</span> <span class='ocrx_word' id='word_1_236' title='bbox 691 1911 760 1950; x_wconf 89' lang='lat' dir='ltr'>Cn.</span> <span class='ocrx_word' id='word_1_237' title='bbox 778 1911 972 1950; x_wconf 86' lang='lat' dir='ltr'>Domitius</span> <span class='ocrx_word' id='word_1_238' title='bbox 987 1911 1026 1951; x_wconf 93' lang='lat' dir='ltr'>L.</span> <span class='ocrx_word' id='word_1_239' title='bbox 1045 1911 1086 1951; x_wconf 82' lang='lat' dir='ltr'>F.</span> <span class='ocrx_word' id='word_1_240' title='bbox 1102 1911 1170 1952; x_wconf 89' lang='lat' dir='ltr'>Cn.</span> <span class='ocrx_word' id='word_1_241' title='bbox 1188 1911 1237 1951; x_wconf 86' lang='lat' dir='ltr'>N.</span> <span class='ocrx_word' id='word_1_242' title='bbox 1251 1909 1404 1950; x_wconf 83' lang='lat' dir='ltr'>Aheno-</span> 
     </span>
     <span class='ocr_line' id='line_1_29' title="bbox 109 1970 1401 2026; baseline -0.001 -16"><span class='ocrx_word' id='word_1_243' title='bbox 109 1970 251 2011; x_wconf 84' lang='lat' dir='ltr'>barbus</span> <span class='ocrx_word' id='word_1_244' title='bbox 278 1972 447 2012; x_wconf 89' lang='lat' dir='ltr'>fuerunt.</span> <span class='ocrx_word' id='word_1_245' title='bbox 481 1974 580 2014; x_wconf 86' lang='lat' dir='ltr'>Cum</span> <span class='ocrx_word' id='word_1_246' title='bbox 605 1974 704 2014; x_wconf 88' lang='lat' dir='ltr'>inter</span> <span class='ocrx_word' id='word_1_247' title='bbox 720 1973 803 2013; x_wconf 75' lang='lat' dir='ltr'>haec</span> <span class='ocrx_word' id='word_1_248' title='bbox 826 1974 865 2013; x_wconf 91' lang='lat' dir='ltr'>in</span> <span class='ocrx_word' id='word_1_249' title='bbox 885 1975 1032 2026; x_wconf 74' lang='lat' dir='ltr'>Syriam</span> <span class='ocrx_word' id='word_1_250' title='bbox 1056 1974 1172 2026; x_wconf 86' lang='lat' dir='ltr'>legati</span> <span class='ocrx_word' id='word_1_251' title='bbox 1197 1973 1245 2012; x_wconf 90' lang='lat' dir='ltr'>ab</span> <span class='ocrx_word' id='word_1_252' title='bbox 1270 1972 1401 2011; x_wconf 83' lang='lat' dir='ltr'>senatu</span> 
     </span>
     <span class='ocr_line' id='line_1_30' title="bbox 107 2033 1401 2090; baseline 0.001 -19"><span class='ocrx_word' id='word_1_253' title='bbox 107 2033 363 2086; x_wconf 72' lang='lat' dir='ltr'>pervenissent</span> <span class='ocrx_word' id='word_1_254' title='bbox 377 2065 387 2083; x_wconf 81' lang='lat'><strong>‚</strong></span> <span class='ocrx_word' id='word_1_255' title='bbox 406 2037 441 2076; x_wconf 63' lang='grc' dir='ltr'>ἃ</span> <span class='ocrx_word' id='word_1_256' title='bbox 465 2037 576 2074; x_wconf 74' lang='lat' dir='ltr'>multa</span> <span class='ocrx_word' id='word_1_257' title='bbox 589 2036 713 2090; x_wconf 82' lang='lat' dir='ltr'>paffim</span> <span class='ocrx_word' id='word_1_258' title='bbox 737 2052 760 2074; x_wconf 84' lang='lat' dir='ltr'><em>a</em></span> <span class='ocrx_word' id='word_1_259' title='bbox 781 2037 919 2090; x_wconf 75' lang='lat' dir='ltr'>regibus</span> <span class='ocrx_word' id='word_1_260' title='bbox 945 2048 1062 2076; x_wconf 74' lang='lat' dir='ltr'>contra</span> <span class='ocrx_word' id='word_1_261' title='bbox 1073 2035 1195 2089; x_wconf 79' lang='lat' dir='ltr'>foedus</span> <span class='ocrx_word' id='word_1_262' title='bbox 1212 2035 1314 2088; x_wconf 67' lang='lat' dir='ltr'>fizc‘la</span> <span class='ocrx_word' id='word_1_263' title='bbox 1345 2047 1401 2072; x_wconf 85' lang='lat' dir='ltr'>ar-</span> 
     </span>
     <span class='ocr_line' id='line_1_31' title="bbox 109 2098 1401 2152; baseline -0.002 -15"><span class='ocrx_word' id='word_1_264' title='bbox 109 2108 285 2151; x_wconf 78' lang='lat' dir='ltr'>guerent,</span> <span class='ocrx_word' id='word_1_265' title='bbox 307 2109 576 2151; x_wconf 83' lang='lat' dir='ltr'>mutarentque</span> <span class='ocrx_word' id='word_1_266' title='bbox 596 2101 658 2150; x_wconf 82' lang='lat' dir='ltr'>3in</span> <span class='ocrx_word' id='word_1_267' title='bbox 676 2100 812 2141; x_wconf 87' lang='lat' dir='ltr'>odium</span> <span class='ocrx_word' id='word_1_268' title='bbox 836 2102 960 2152; x_wconf 84' lang='lat' dir='ltr'>gentis</span> <span class='ocrx_word' id='word_1_269' title='bbox 975 2131 986 2149; x_wconf 80' lang='lat'>,</span> <span class='ocrx_word' id='word_1_270' title='bbox 1007 2110 1121 2151; x_wconf 88' lang='lat' dir='ltr'>atque</span> <span class='ocrx_word' id='word_1_271' title='bbox 1139 2113 1188 2139; x_wconf 81' lang='lat' dir='ltr'>ex</span> <span class='ocrx_word' id='word_1_272' title='bbox 1209 2113 1256 2138; x_wconf 90' lang='lat' dir='ltr'>eo</span> <span class='ocrx_word' id='word_1_273' title='bbox 1278 2098 1317 2137; x_wconf 90' lang='lat' dir='ltr'>in</span> <span class='ocrx_word' id='word_1_274' title='bbox 1339 2110 1401 2148; x_wconf 89' lang='lat' dir='ltr'>pe-</span> 
     </span>
     <span class='ocr_line' id='line_1_32' title="bbox 109 2162 1402 2214; baseline -0.001 -13"><span class='ocrx_word' id='word_1_275' title='bbox 109 2162 275 2202; x_wconf 83' lang='lat' dir='ltr'>riculum</span> <span class='ocrx_word' id='word_1_276' title='bbox 292 2163 525 2203; x_wconf 89' lang='lat' dir='ltr'>inciderunt.</span> <span class='ocrx_word' id='word_1_277' title='bbox 557 2164 734 2207; x_wconf 82' lang='lat' dir='ltr'>Maxime</span> <span class='ocrx_word' id='word_1_278' title='bbox 758 2164 969 2204; x_wconf 83' lang='lat' dir='ltr'>movebant</span> <span class='ocrx_word' id='word_1_279' title='bbox 991 2177 1107 2203; x_wconf 85' lang='lat' dir='ltr'>naves</span> <span class='ocrx_word' id='word_1_280' title='bbox 1133 2163 1402 2214; x_wconf 77' lang='lat' dir='ltr'>pulcherrimae</span> 
     </span>
     <span class='ocr_line' id='line_1_33' title="bbox 109 2221 1402 2275; baseline -0.002 -13"><span class='ocrx_word' id='word_1_281' title='bbox 109 2223 314 2274; x_wconf 84' lang='lat' dir='ltr'>sumtuque</span> <span class='ocrx_word' id='word_1_282' title='bbox 333 2224 477 2275; x_wconf 82' lang='lat' dir='ltr'>ingenti</span> <span class='ocrx_word' id='word_1_283' title='bbox 502 2224 717 2272; x_wconf 47' lang='lat' dir='ltr'>fabricat&amp;</span> <span class='ocrx_word' id='word_1_284' title='bbox 736 2238 827 2275; x_wconf 86' lang='lat' dir='ltr'>quas</span> <span class='ocrx_word' id='word_1_285' title='bbox 850 2226 1005 2265; x_wconf 85' lang='lat' dir='ltr'>incendi</span> <span class='ocrx_word' id='word_1_286' title='bbox 1031 2226 1100 2265; x_wconf 86' lang='lat' dir='ltr'>Cn.</span> <span class='ocrx_word' id='word_1_287' title='bbox 1119 2224 1302 2264; x_wconf 62' lang='lat' dir='ltr'>Oclavius</span> <span class='ocrx_word' id='word_1_288' title='bbox 1320 2221 1402 2270; x_wconf 88' lang='lat' dir='ltr'>jus-</span> 
     </span>
     <span class='ocr_line' id='line_1_34' title="bbox 109 2283 1399 2336; baseline -0.003 -12"><span class='ocrx_word' id='word_1_289' title='bbox 109 2283 206 2324; x_wconf 73' lang='lat' dir='ltr'>serat</span> <span class='ocrx_word' id='word_1_290' title='bbox 220 2298 231 2333; x_wconf 69' lang='grc' dir='ltr'><strong>ς</strong></span> <span class='ocrx_word' id='word_1_291' title='bbox 247 2285 362 2324; x_wconf 85' lang='lat' dir='ltr'>etiam</span> <span class='ocrx_word' id='word_1_292' title='bbox 383 2284 678 2336; x_wconf 80' lang='lat' dir='ltr'>elephantorum</span> <span class='ocrx_word' id='word_1_293' title='bbox 694 2286 926 2326; x_wconf 85' lang='lat' dir='ltr'>incendebat</span> <span class='ocrx_word' id='word_1_294' title='bbox 946 2286 1160 2333; x_wconf 82' lang='lat' dir='ltr'>miseratio,</span> <span class='ocrx_word' id='word_1_295' title='bbox 1177 2283 1282 2335; x_wconf 89' lang='lat' dir='ltr'>quod</span> <span class='ocrx_word' id='word_1_296' title='bbox 1297 2294 1399 2332; x_wconf 73' lang='lat' dir='ltr'>egre-</span> 
     </span>
    </p>
   </div>
   <div class='ocr_carea' id='block_1_3' title="bbox 109 2384 1399 2560">
    <p class='ocr_par' dir='ltr' id='par_1_5' title="bbox 109 2384 1399 2560">
     <span class='ocr_line' id='line_1_35' title="bbox 159 2384 1399 2432; baseline 0.001 -16"><span class='ocrx_word' id='word_1_297' title='bbox 159 2385 179 2428; x_wconf 86' lang='lat'><em>§</em></span> <span class='ocrx_word' id='word_1_298' title='bbox 205 2385 345 2418; x_wconf 87' lang='lat' dir='ltr'>XXVII.</span> <span class='ocrx_word' id='word_1_299' title='bbox 368 2386 487 2430; x_wconf 83' lang='lat' dir='ltr'>Polyb.</span> <span class='ocrx_word' id='word_1_300' title='bbox 505 2397 655 2431; x_wconf 84' lang='lat' dir='ltr'>excerpt.</span> <span class='ocrx_word' id='word_1_301' title='bbox 683 2387 797 2432; x_wconf 81' lang='lat' dir='ltr'>Legat.</span> <span class='ocrx_word' id='word_1_302' title='bbox 826 2389 900 2422; x_wconf 78' lang='lat'>106.</span> <span class='ocrx_word' id='word_1_303' title='bbox 919 2388 1008 2421; x_wconf 86' lang='lat' dir='ltr'>Plut.</span> <span class='ocrx_word' id='word_1_304' title='bbox 1031 2389 1064 2419; x_wconf 83' lang='lat' dir='ltr'>in</span> <span class='ocrx_word' id='word_1_305' title='bbox 1079 2387 1222 2419; x_wconf 81' lang='lat' dir='ltr'>Gracch.</span> <span class='ocrx_word' id='word_1_306' title='bbox 1237 2398 1266 2418; x_wconf 89' lang='lat' dir='ltr'>c.</span> <span class='ocrx_word' id='word_1_307' title='bbox 1283 2397 1310 2417; x_wconf 90' lang='lat' dir='ltr'>r.</span> <span class='ocrx_word' id='word_1_308' title='bbox 1327 2384 1399 2417; x_wconf 68' lang='lat' dir='ltr'>Cic.</span> 
     </span>
     <span class='ocr_line' id='line_1_36' title="bbox 110 2431 1397 2476; baseline -0.002 -14"><span class='ocrx_word' id='word_1_309' title='bbox 110 2431 152 2463; x_wconf 77' lang='lat' dir='ltr'>de</span> <span class='ocrx_word' id='word_1_310' title='bbox 173 2431 251 2463; x_wconf 80' lang='lat' dir='ltr'>Nat.</span> <span class='ocrx_word' id='word_1_311' title='bbox 285 2431 389 2463; x_wconf 86' lang='lat' dir='ltr'>Deor.</span> <span class='ocrx_word' id='word_1_312' title='bbox 412 2443 450 2472; x_wconf 86' lang='lat'>2,</span> <span class='ocrx_word' id='word_1_313' title='bbox 473 2443 505 2471; x_wconf 83' lang='lat'>4.</span> <span class='ocrx_word' id='word_1_314' title='bbox 544 2432 619 2464; x_wconf 69' lang='lat' dir='ltr'>Liv.</span> <span class='ocrx_word' id='word_1_315' title='bbox 643 2432 732 2475; x_wconf 84' lang='lat' dir='ltr'>Epir.</span> <span class='ocrx_word' id='word_1_316' title='bbox 768 2434 822 2473; x_wconf 79' lang='lat'>46.</span> <span class='ocrx_word' id='word_1_317' title='bbox 859 2435 879 2476; x_wconf 79' lang='lat'><strong>§</strong></span> <span class='ocrx_word' id='word_1_318' title='bbox 910 2433 1066 2465; x_wconf 71' lang='lat' dir='ltr'>XXVIII.</span> <span class='ocrx_word' id='word_1_319' title='bbox 1091 2432 1167 2464; x_wconf 76' lang='lat' dir='ltr'>val.</span> <span class='ocrx_word' id='word_1_320' title='bbox 1187 2431 1280 2462; x_wconf 77' lang='lat' dir='ltr'>Max.</span> <span class='ocrx_word' id='word_1_321' title='bbox 1311 2441 1321 2461; x_wconf 92' lang='lat'><em>1</em></span> <span class='ocrx_word' id='word_1_322' title='bbox 1339 2456 1347 2469; x_wconf 92' lang='lat'>‚</span> <span class='ocrx_word' id='word_1_323' title='bbox 1372 2441 1397 2461; x_wconf 88' lang='lat' dir='ltr'>r.</span> 
     </span>
     <span class='ocr_line' id='line_1_37' title="bbox 111 2473 1398 2518; baseline 0 -12"><span class='ocrx_word' id='word_1_324' title='bbox 111 2473 201 2507; x_wconf 72' lang='lat' dir='ltr'>Mur.</span> <span class='ocrx_word' id='word_1_325' title='bbox 227 2475 392 2509; x_wconf 74' lang='lat' dir='ltr'>Marcello</span> <span class='ocrx_word' id='word_1_326' title='bbox 414 2487 441 2508; x_wconf 87' lang='lat' dir='ltr'>c.</span> <span class='ocrx_word' id='word_1_327' title='bbox 469 2487 497 2516; x_wconf 90' lang='lat'>5.</span> <span class='ocrx_word' id='word_1_328' title='bbox 519 2476 590 2508; x_wconf 74' lang='lat' dir='ltr'>Cic.</span> <span class='ocrx_word' id='word_1_329' title='bbox 614 2477 652 2508; x_wconf 85' lang='lat' dir='ltr'>ad</span> <span class='ocrx_word' id='word_1_330' title='bbox 671 2478 715 2518; x_wconf 82' lang='lat' dir='ltr'>Q.</span> <span class='ocrx_word' id='word_1_331' title='bbox 736 2479 884 2510; x_wconf 77' lang='lat' dir='ltr'>fratrem.</span> <span class='ocrx_word' id='word_1_332' title='bbox 910 2488 927 2508; x_wconf 85' lang='lat'>2</span> <span class='ocrx_word' id='word_1_333' title='bbox 941 2503 949 2516; x_wconf 89' lang='lat'>‚</span> <span class='ocrx_word' id='word_1_334' title='bbox 969 2487 1000 2508; x_wconf 81' lang='lat'>2.</span> <span class='ocrx_word' id='word_1_335' title='bbox 1038 2477 1124 2508; x_wconf 81' lang='lat' dir='ltr'>Idem</span> <span class='ocrx_word' id='word_1_336' title='bbox 1142 2477 1181 2508; x_wconf 83' lang='lat' dir='ltr'>de</span> <span class='ocrx_word' id='word_1_337' title='bbox 1198 2476 1276 2507; x_wconf 81' lang='lat' dir='ltr'>Nat.</span> <span class='ocrx_word' id='word_1_338' title='bbox 1293 2474 1398 2508; x_wconf 89' lang='lat' dir='ltr'>Deor.</span> 
     </span>
     <span class='ocr_line' id='line_1_38' title="bbox 109 2521 719 2560; baseline 0.002 -8"><span class='ocrx_word' id='word_1_339' title='bbox 109 2530 142 2560; x_wconf 79' lang='lat'>2,</span> <span class='ocrx_word' id='word_1_340' title='bbox 166 2532 200 2559; x_wconf 78' lang='lat'>4.</span> <span class='ocrx_word' id='word_1_341' title='bbox 224 2521 351 2553; x_wconf 61' lang='lat' dir='ltr'>Aridior.</span> <span class='ocrx_word' id='word_1_342' title='bbox 383 2521 421 2554; x_wconf 89' lang='lat' dir='ltr'>de</span> <span class='ocrx_word' id='word_1_343' title='bbox 441 2521 514 2553; x_wconf 81' lang='lat' dir='ltr'>Vir.</span> <span class='ocrx_word' id='word_1_344' title='bbox 540 2522 587 2553; x_wconf 79' lang='lat' dir='ltr'>ill.</span> <span class='ocrx_word' id='word_1_345' title='bbox 615 2533 643 2553; x_wconf 89' lang='lat' dir='ltr'>c.</span> <span class='ocrx_word' id='word_1_346' title='bbox 664 2524 719 2559; x_wconf 70' lang='grc'>46.</span> 
     </span>
    </p>
   </div>
  </div>
 </body>
</html>
