1673 3052
308 205 853 254 HISTORIARUM
886 204 1012 250 LIE.
1046 202 1183 250 XLII.
1319 216 1374 266 55

92 310 299 377 placebat
323 310 554 375 sapientia.
581 308 694 357 vicit
719 320 868 355 tamen
889 325 940 355 ea
958 323 1059 371 pars
1077 307 1251 353 senatus
1266 340 1281 363 ‚
1302 303 1380 352 cui

91 384 251 450 potior
267 383 413 443 utilis,
432 400 568 447 quam
587 380 768 430 honesti
783 418 798 440 ,
821 398 930 429 cura
949 392 1043 427 erat
1056 415 1071 439 ‚
1087 390 1139 426 ut
1159 392 1379 440 compro-

90 459 270 506 baretur
296 457 424 521 prior
454 455 622 520 legatio
658 455 847 514 Marcii,
875 456 926 502 &
959 454 1119 501 eodem
1153 451 1302 500 rursus
1329 451 1380 497 in

90 529 318 579 Graeciam
348 547 450 578 cum
471 516 869 593 quinqueremibus
899 526 1223 583 remitteretur,
1245 523 1380 586 jube-

90 615 306 669 returque
323 617 468 651 cetera
480 638 495 661 ,
510 603 577 649 uti
590 618 615 648 e
629 601 856 664 republica
875 601 1070 647 maxime
1084 598 1230 646 visum
1252 597 1380 657 effet,

91 694 234 742 agere.
261 681 316 726 A.
339 693 522 742 quoque
541 676 730 723 Atilium
751 675 964 722 miserunt
983 675 1038 721 ad
1062 673 1382 735 occupandam

92 751 300 800 Larissam
327 752 373 799 in
399 750 619 800 Thefi'alia
634 787 650 809 ,
670 750 876 798 timentes
892 786 906 808 ,
927 766 1008 807 ne,
1029 746 1062 794 fi
1092 746 1381 794 induciarum

93 824 186 872 dies
207 825 360 872 exiss'et
372 860 387 882 ,
400 823 605 881 Perseus,
623 823 829 886 praefidio
846 839 902 869 eo
921 821 1073 880 misso,
1090 830 1220 882 caput
1238 818 1379 865 Thes-¹

92 897 210 944 saliae
225 933 240 955 ,
258 898 305 944 in
324 897 541 961 potestate
558 897 756 944 haberet.
774 897 886 943 Duo
906 894 1046 943 millia
1062 893 1262 956 peditum
1281 890 1381 938 Ati-

91 972 177 1018 lius
201 973 257 1019 ab
276 973 364 1020 Cn.
388 971 561 1019 Sicinio
592 970 795 1034 accipere
825 971 883 1018 ad
915 987 1010 1017 eam
1044 986 1139 1015 rem
1161 967 1381 1031 agendam

87 1042 239 1106 juffus.
264 1047 315 1094 &
338 1046 387 1092 P.
408 1043 632 1102 Lentulo,
661 1043 740 1106 qui
766 1060 822 1089 ex
849 1042 1016 1105 Achaia
1039 1040 1256 1099 redierat,
1287 1051 1379 1086 tre-

89 1116 212 1162 centi
245 1115 409 1163 milites
439 1114 580 1163 Italici
611 1113 784 1179 generis
821 1113 940 1171 dati,
967 1125 1019 1159 ut
1049 1110 1220 1160 Thebis
1254 1110 1381 1157 daret

91 1195 276 1251 operam
291 1223 304 1246 ,
325 1200 377 1236 ut
397 1186 444 1233 in
473 1186 687 1250 potestate
707 1186 887 1233 Boeotia
913 1184 1034 1231 esset.

165 1259 366 1306 XLVIII.
404 1258 487 1305 His
520 1257 805 1321 praeparatis,
834 1271 1087 1320 quanquam
1118 1253 1174 1300 ad
1209 1251 1382 1307 beilum

90 1330 280 1378 consilia
296 1342 423 1378 erant
444 1329 657 1376 destinata
671 1366 688 1387 ,
713 1329 913 1376 senatum
932 1341 1081 1374 tamen
1105 1324 1292 1389 praeberi
1315 1324 1380 1371 le-

89 1403 201 1467 gatis
219 1403 405 1467 placuit.
422 1403 587 1450 Eadem
606 1402 698 1449 fere
713 1437 727 1460 ,
748 1418 850 1465 quae
871 1401 917 1447 in
939 1399 1179 1464 colloquio
1201 1399 1256 1446 ab'
1277 1414 1380 1461 rege

91 1475 206 1522 dicia
227 1487 382 1533 erant,
403 1474 542 1521 relata
562 1474 618 1520 ab
635 1472 805 1536 legatis.
826 1472 1083 1519 Infidiarum
1103 1471 1295 1518 Eumeni
1313 1470 1380 1517 fa-

89 1548 259 1595 {larum
285 1548 481 1606 crimen,
510 1549 560 1595 &
580 1547 775 1594 maxima
799 1564 906 1594 cura
921 1583 935 1605 ,
957 1547 1006 1594 &
1027 1546 1210 1592 minime
1230 1558 1381 1592 tamen

91 1620 412 1684 probabiliter,
445 1619 708 1684 (manifesta
733 1619 853 1666 enim
884 1635 952 1666 res
981 1621 1105 1682 erat)
1139 1617 1383 1666 defensum.

81 1696 259 1756 Cetera
285 1694 544 1758 deprecatio
574 1706 699 1741 erat:
720 1692 793 1739 sed
821 1710 918 1739 non
947 1693 1009 1740 eis
1037 1691 1198 1739 animis
1227 1693 1382 1740 audie-

91 1767 287 1828 bantur,
310 1768 391 1833 qui
418 1780 495 1814 aut
522 1767 708 1825 doceri,
728 1779 801 1813 aut
821 1765 940 1813 flthi
968 1765 1158 1828 poffent.
1181 1766 1381 1822 Denunf-

91 1841 274 1900 flatum,
288 1839 520 1904 extemplo
537 1839 765 1887 moenibus
782 1840 905 1887 urbis
921 1839 1082 1885 Romae
1094 1875 1106 1893 ‚
1122 1837 1244 1884 Italia
1265 1838 1385 1885 intra

92 1912 366 1960 tricesimum
384 1912 502 1960 diem
522 1913 803 1961 excederent.
824 1914 870 1958 P.
889 1911 1067 1959 Licinio
1087 1910 1246 1957 deinde
1266 1926 1385 1958 cona

92 1982 203 2044 suli,
227 1984 302 2032 eui
333 1985 606 2034 Macedonia
637 1985 877 2048 provincia
901 1985 1172 2044 obvenerat,
1201 1985 1380 2031 demun-

93 2056 282 2117 flatum,
298 2070 349 2105 ut
370 2058 586 2106 exercitui
612 2058 731 2106 diem
752 2058 940 2121 primam
965 2074 1189 2121 quamque
1214 2057 1384 2105 diceret
1420 2066 1426 2067 ⁷

93 2132 151 2180 ad
169 2133 550 2182 conveniendum.
573 2134 627 2181 C.
658 2132 890 2179 Lucretius
919 2145 1116 2195 praetor,
1140 2131 1213 2179 cui
1241 2131 1385 2180 claffis

93 2204 335 2269 provincia
368 2217 490 2262 erat,
519 2222 624 2253 cum
657 2205 946 2269 quadraginta
978 2204 1386 2268 quinqueremibus

93 2277 149 2324 ab
168 2277 281 2326 urbe
306 2278 534 2341 prot-“eiius
553 2297 568 2326 :v
588 2295 690 2325 nam
711 2295 767 2326 ex
786 2278 960 2325 refeffis
984 2279 1174 2325 navibus
1203 2278 1307 2325 alias
1332 2277 1382 2324 in

94 2349 230 2397 alium
259 2350 387 2396 usum
410 2351 590 2398 retineri
617 2351 672 2398 ad
696 2351 854 2399 urbem
877 2350 1062 2415 placuit.
1093 2350 1337 2397 Praemiss'us
1356 2366 1382 2396 a

92 2435 291 2487 praetore
312 2423 373 2469 est
391 2423 524 2470 frater
543 2425 777 2471 Lucretius
797 2441 900 2471 cum
923 2424 1246 2487 quinquereme
1261 2438 1351 2469 una
1367 2439 1385 2468 z

93 2495 319 2563 jussusque
332 2531 348 2558 ,
367 2496 422 2544 ab
443 2496 576 2546 sociis
597 2513 652 2545 ex
673 2496 843 2546 foedere
868 2496 1064 2560 acceptis
1085 2496 1304 2556 navibus,
1325 2494 1384 2543 ad

1011 2569 1059 2617 D
1094 2586 1125 2629 4
