1673 3052
276 225 370 259 220
637 209 1200 262 T1T1LIV11

270 318 365 365 est:
398 318 626 376 Paullum,
663 319 736 365 cui
768 319 847 382 ipsi
879 337 1065 386 quoque
1092 320 1135 368 se
1164 338 1429 381 comparare
1460 331 1565 371 eru-3

272 391 463 438 buiffent
480 428 493 449 ‚
520 392 790 440 obtreElatio
812 395 987 455 carpfit.
1015 395 1212 458 Antiqua
1232 396 1464 460 disciplina
1481 397 1565 444 mi·

271 464 372 512 lites
389 466 628 522 habueram
646 465 700 512 de
725 468 874 529 praeda
895 468 1098 529 parcius,
1120 486 1255 530 quam
1276 469 1565 525 speraverant

270 553 329 584 ex
356 537 491 584 tantis
517 539 647 602 regiis
669 540 858 602 opibus,
880 540 1059 586 dederat
1085 541 1199 588 nihil
1225 542 1470 599 relffiufls,
1501 541 1565 606 (fi

272 611 479 658 aviditati
512 612 857 677 indulgeretur)
892 616 1018 678 quod
1050 614 1096 660 in
1123 617 1334 665 aerarium
1357 616 1566 664 deferret.

273 683 424 730 Totus
451 686 779 733 Macedonicus
807 687 1028 734 exercitus
1060 684 1325 751 imperatori
1356 702 1450 737 erat
1483 705 1567 736 ne·-

273 755 495 818 gligenter
524 757 742 805 affuturus
774 757 972 805 comitiis
1001 758 1197 807 ferendae
1217 759 1341 824 legis.
1371 760 1457 808 Sed
1487 777 1568 808 eos

273 829 366 877 Ser.
386 831 612 894 Sulpicius
631 831 796 886 Galba,
823 832 902 895 qui
919 832 1126 881 tribunus‘
1146 834 1340 882 militum
1361 833 1568 882 secundae

273 900 469 966 legionis
493 904 540 950 in
566 904 837 951 Macedonia
871 904 1041 964 fuerat,
1067 906 1279 969 privatim
1304 905 1568 971 imperatori

273 973 487 1023 inimicus
501 1011 514 1033 ‚
535 976 789 1040 prensando
810 977 928 1041 ipse,
948 979 998 1026 &
1020 995 1098 1041 per
1121 979 1209 1026 suae
1230 979 1424 1043 legionis
1444 979 1570 1027 mili-

272 1056 341 1093 tes
369 1045 657 1094 sollicitando
673 1084 687 1107 ‚
708 1047 1012 1096 stimulaverat
1025 1085 1038 1106 ,
1057 1064 1107 1096 ut
1129 1049 1387 1115 frequentes
1403 1051 1459 1098 ad
1476 1050 1570 1099 suf-

274 1118 464 1182 fragium
506 1119 700 1167 adessent
733 1137 745 1165 z
778 1123 1051 1183 Imperiosum
1086 1127 1228 1170 ducem
1261 1122 1304 1171 ἂν
1332 1128 1568 1187 malignum

275 1195 540 1254 antiquando
559 1197 811 1255 rogationem
826 1230 838 1250 ,
858 1213 942 1255 quae
963 1198 1010 1241 de
1029 1199 1238 1257 triumpho
1263 1197 1353 1254 ejus
1367 1197 1569 1257 ferretur,

276 1269 572 1326 ulciseerentur.
603 1270 760 1327 plebem
794 1270 999 1313 urbanam
1014 1269 1251 1329 secuturam
1283 1269 1357 1333 effi
1387 1272 1570 1318 militum

267 1342 454 1401 judicia.
488 1343 716 1386 Pecuniam
758 1344 876 1386 illum
917 1344 1013 1386 dare
1047 1359 1134 1386 non
1162 1340 1362 1404 potuiffe,
1396 1346 1571 1389 militem

276 1417 469 1460 lzonoretn
503 1418 600 1459 dare
628 1412 773 1476 ροβε.)
808 1432 858 1459 ne
879 1415 1064 1476 speraret
1100 1416 1161 1461 ibi
1177 1415 1366 1475 fruc'ium
1396 1419 1570 1480 gratiae,
1599 1470 1604 1476 ,

279 1489 351 1532 ubi
369 1506 456 1532 non
477 1486 689 1549 meruzſjet.

344 1560 567 1606 XXXVI.
605 1560 686 1604 His
715 1556 934 1618 incitatis,
956 1575 1058 1607 cum
1092 1559 1137 1605 in
1169 1557 1406 1623 Capitolio
1439 1575 1573 1623 roga-

278 1634 453 1682 tionem
485 1650 581 1680 eam
602 1632 677 1679 Ti.
708 1631 1002 1694 Sempronius
1021 1632 1226 1679 tribunus
1250 1632 1393 1695 plebis
1411 1630 1574 1690 ferret,

279 1708 329 1754 &
351 1708 540 1770 privatis
566 1708 661 1771 lege
682 1708 862 1755 dicendi
891 1708 1018 1754 locus
1047 1707 1151 1753 effet
1167 1741 1181 1763 ‚
1203 1722 1286 1753 nec
1308 1705 1363 1752 ad
1384 1703 1574 1751 suaden-

280 1781 417 1839 dum,
448 1796 498 1828 ut
528 1781 573 1828 in
601 1798 646 1828 re
677 1781 863 1827 minime
892 1781 1050 1838 dubia,
1082 1778 1316 1843 quisquam
1349 1778 1573 1841 procede-

280 1865 376 1908 rett,
408 1854 499 1900 Ser.
522 1855 666 1901 Galba
686 1865 870 1916 repente
890 1853 1104 1916 proceffit
1120 1887 1133 1910 ,
1155 1853 1205 1900 &
1229 1868 1253 1899 a
1278 1851 1465 1898 tribuno
1487 1868 1575 1913 po-

280 1925 488 1983 stulavit,
514 1930 605 1982 Ut,
624 1928 822 1986 quoniam
849 1929 951 1971 lzora
964 1925 1063 1983 jam
1092 1927 1236 1970 oc‘lava
1259 1927 1343 1969 diei
1365 1922 1482 1986 effet,
1503 1942 1575 1969 nee

272 2001 388 2062 satis
406 2004 599 2061 temporis
616 2003 676 2045 ad
693 2000 1053 2064 demonstrandum
1072 2000 1252 2053 baberet,
1272 2015 1344 2042 cur
1363 1999 1411 2043 L.
1428 2000 1576 2044 AEmi-

283 2076 386 2119 lium
406 2092 492 2119 non
501 2074 699 2130 juberent
723 2074 975 2133 triumphare
991 2108 1003 2127 ‚
1024 2074 1070 2116 in
1084 2071 1285 2136 posterum
1308 2072 1411 2116 diem
1430 2068 1575 2134 differ-

283 2164 398 2205 rent,
420 2146 463 2194 δ’
483 2167 605 2194 mane
624 2167 713 2194 earn
735 2168 815 2195 rem
834 2163 1007 2210 agerent.
1027 2149 1190 2208 Integro
1199 2147 1291 2211 fibi
1313 2149 1377 2192 die
1396 2149 1457 2192 ad
1473 2164 1575 2192 cau-

270 2222 373 2281 sam
393 2238 481 2265 eam
509 2224 714 2266 orandam
733 2238 835 2281 opus
857 2218 941 2283 effe.
973 2219 1090 2265 Cum
1123 2217 1330 2264 tribunus
1353 2218 1500 2264 <licere
1519 2233 1577 2264 eo

286 2292 385 2349 die,
406 2292 436 2338 fi
457 2293 568 2357 quid
591 2294 754 2351 vellet,
773 2292 971 2354 juberet,
992 2292 1038 2337 in
1064 2292 1242 2337 noElem
1268 2307 1360 2336 rem
1383 2290 1578 2337 dicendo

284 2367 510 2424 extraxit,
541 2367 780 2414 referendo
808 2366 1217 2428 admonendoque,
1247 2365 1420 2410 Exac‘la
1442 2366 1578 2431 acerbe

285 2440 434 2484 munia
455 2443 615 2486 militia:
626 2460 644 2496 ;
663 2445 761 2501 plus
783 2442 965 2495 laboris,
987 2442 1084 2500 plus
1105 2441 1301 2499 periculi,
1330 2456 1454 2499 quam
1474 2440 1521 2482 de
1536 2455 1578 2480 ι-

285 2512 452 2577 derczffit
472 2532 532 2560 res
547 2550 561 2573 ,
582 2515 816 2570 injunffam
832 2533 851 2569 ,·
871 2530 1015 2559 contra
1048 2517 1093 2560 in
1108 2515 1293 2573 praemiis
1306 2547 1320 2572 ‚
1342 2515 1387 2557 in
1407 2513 1576 2558 lionori-
