1673 3052
238 165 781 214 HISTORIARUM
815 165 943 212 LIB.
979 165 1144 212 XLIV.
1241 178 1324 226 143

49 271 144 320 seus
177 271 233 319 ad
264 277 358 319 rem
391 271 688 326 inchoandam
724 270 1046 334 promtiffimus
1077 281 1204 328 erat,
1244 285 1330 316 co-

48 356 180 409 gente
202 356 352 405 metu,
381 346 431 392 &
465 344 519 390 de
546 344 774 390 obsidibus
806 342 1073 406 accipiendis
1098 341 1189 389 fine
1221 341 1333 388 dila-

48 416 176 464 tione
208 417 392 480 agebat,
427 427 769 480 conveneratq..
759 432 829 473 ¹e,
859 427 909 462 ut
940 415 1111 478 accepti
1146 416 1331 465 Cretam

48 489 346 538 mitterentur.
384 490 478 536 Ubi
510 489 565 536 ad
596 489 801 552 pecuniae
829 488 1110 535 mentionem
1141 500 1331 536 ventum

49 574 177 620 erat,
209 563 271 610 ibi
294 563 542 610 haefitabat:
575 564 626 609 δε
658 562 812 625 utique
831 561 1009 607 alteram
1035 561 1082 607 in
1102 561 1215 608 tanti
1248 578 1333 608 no-

49 634 184 683 minis
215 635 392 699 regibus
426 649 601 700 turpem
635 653 687 683 ac
719 635 940 682 sordidam
959 671 973 694 ‚
1005 636 1055 682 &
1092 636 1247 694 danti,
1282 637 1333 684 δί

50 707 189 772 magis
208 708 448 772 accipienti
467 745 482 768 ‚
514 709 768 756 mercedem
788 709 885 757 effe.
923 709 1123 756 Malebat
1142 709 1187 756 in
1209 709 1330 773 spem

49 781 270 828 Romanae
301 781 424 845 pacis
459 798 554 829 non
588 781 787 828 recusare
825 781 1096 845 impensam,
1126 783 1200 829 sed
1234 799 1330 834 eam

50 855 284 917 pecuniam
309 853 500 918 perfefila
518 871 566 900 re
586 855 819 911 daturum3
848 855 1015 901 interea
1029 856 1333 904 Samothracae

52 928 101 974 in
122 930 292 990 templo
313 928 634 991 depositurum.
666 930 728 973 Ea
745 924 896 974 'insula
919 945 1019 975 cum
1046 928 1178 991 ipsius
1198 927 1334 975 ditio-

51 1001 121 1048 nis
148 1001 271 1058 ess'et,
292 1001 443 1048 videre
469 1002 689 1047 Eumenes
714 1001 828 1047 nihil
852 1001 1086 1060 interesse,
1117 1017 1173 1048 an
1202 1002 1335 1048 Pellae

51 1073 244 1136 pecunia
263 1073 394 1121 effet:
415 1074 460 1120 id
482 1089 610 1137 agere
624 1109 637 1132 ‚
664 1086 714 1120 ut
731 1086 901 1136 partem
926 1074 1120 1137 aliquam
1139 1072 1337 1136 praesen-

53 1151 148 1192 tem
178 1146 326 1193 ferret.
356 1148 441 1205 lta,
465 1146 766 1209 nequidquam
794 1146 910 1193 inter
939 1145 981 1192 se
1001 1147 1194 1209 captati,
1222 1145 1338 1192 nihil

54 1234 217 1280 praeter
237 1218 466 1265 infamiam
487 1234 691 1266 movere.

119 1292 292 1339 XXVI.
319 1293 416 1339 Nec
437 1291 533 1340 haec
557 1292 727 1338 tantum
749 1289 910 1338 Perseo
931 1307 1010 1354 per
1027 1290 1258 1338 avaritiam
1276 1290 1348 1340 est.

55 1363 225 1410 dimiffa
250 1380 342 1422 res,
362 1381 468 1411 cum
494 1364 733 1427 pecuniam
753 1376 897 1411 tutam
917 1365 966 1412 &
995 1380 1151 1428 pacem
1176 1364 1340 1411 habere

55 1453 137 1500 per
152 1440 420 1495 Eumenem,
439 1455 540 1501 quae
557 1438 634 1486 vel
654 1450 775 1501 parte
794 1437 920 1502 regni
939 1438 1197 1486 redimenda
1217 1438 1340 1496 effer,

57 1525 109 1556 ac
127 1521 329 1572 receptus
347 1509 641 1573 protrahere
630 1510 858 1557 mimicum
879 1511 1084 1558 mercede
1104 1510 1341 1568 onustum,

58 1583 109 1629 &
124 1581 269 1628 hostes
283 1582 447 1629 merito
463 1582 504 1629 ei
521 1583 754 1629 Romanos
772 1583 914 1645 poffet
930 1582 1103 1630 facere:
1120 1582 1192 1629 sed
1208 1583 1341 1629 etiam

59 1654 215 1701 Gentii
233 1654 345 1718 regis
361 1666 513 1717 parata
534 1653 721 1701 societas
733 1688 745 1709 ,
761 1654 811 1700 &
832 1664 928 1699 tum
947 1652 1184 1700 Gallorum
1197 1689 1210 1711 ,
1228 1652 1343 1699 effu-

59 1728 212 1775 sorum
231 1745 310 1791 per
328 1728 584 1793 Illyricum,
609 1728 764 1791 ingens
785 1744 941 1789 agmen
965 1726 1167 1773 oblatum
1191 1727 1344 1773 avari-

59 1800 122 1848 tia
141 1800 362 1849 dimissum
393 1801 468 1850 est.
497 1801 750 1848 Veniebant
771 1799 924 1846 decem
951 1799 1089 1846 millia
1109 1799 1310 1863 equitum
1327 1834 1343 1857 ,

60 1890 142 1936 par
162 1890 376 1922 numerus
399 1873 599 1937 peditum
615 1909 627 1932 ‚
649 1874 698 1920 &
719 1870 919 1934 ipsorum
938 1870 1219 1935 iungentium
1240 1889 1346 1919 cur-

60 1945 158 1997 sum
186 1945 342 2010 equis,
376 1947 426 1993 &
457 1945 652 1992 invicem
685 1942 997 2007 prolapsorum
1032 1942 1234 2006 equitum
1266 1960 1345 1990 va-

62 2035 176 2067 cuos
194 2018 462 2083 capientium
488 2020 541 2065 ad
562 2035 759 2082 pugnam
787 2034 940 2081 equos.
975 2016 1035 2062 Hi
1053 2017 1167 2079 patri
1192 2029 1344 2072 erant,

62 2108 197 2156 eques
226 2093 366 2139 denos
384 2090 619 2154 praesentes
641 2107 800 2137 aureos
816 2127 830 2149 ,
849 2091 981 2153 pedes
1007 2089 1174 2153 quinos
1188 2125 1203 2146 ‚
1220 2090 1346 2136 mille

63 2165 157 2211 dux
183 2181 353 2211 eorum.
383 2163 679 2210 Venientibus
707 2163 775 2209 his
799 2162 979 2210 Perseus
999 2162 1054 2208 ab
1084 2162 1257 2224 Enipeo
1286 2178 1346 2208 ex

63 2236 214 2284 castris
253 2235 480 2300 profefirus
520 2235 704 2282 obviam
750 2239 849 2281 'cum
893 2233 1074 2280 dimidia
1107 2235 1345 2297 copiarum

62 2322 188 2371 parte
208 2308 469 2355 denuntiare
487 2325 566 2370 per
586 2307 716 2353 vicos
736 2306 953 2369 urbesque
968 2343 982 2364 ‚
1000 2324 1101 2370 quae
1127 2306 1215 2353 viae
1233 2323 1345 2368 pro-

65 2382 246 2445 pinquae
285 2381 410 2438 sunt,
445 2381 613 2443 coepit,
651 2394 699 2426 ut
735 2394 1011 2428 commeatus
1048 2381 1345 2442 expedirent,

67 2455 306 2518 frumenti,
323 2456 449 2512 vini,
470 2471 690 2522 pecorum
709 2467 760 2501 ut
780 2454 912 2517 copia
931 2454 1048 2501 effer.
1069 2453 1159 2518 ipse
1179 2469 1347 2518 equos,
