1673 3052
133 115 455 199 mmmm.
476 149 631 196 supp,
651 151 718 196 IN
733 150 878 199 ωε.
894 151 999 198 Lm.
1028 152 1077 198 L.
1104 152 1219 200 mv.
1272 169 1365 217 349

126 271 228 310 opera
241 257 422 312 juvenilia
436 287 447 305 ,
469 271 544 310 quae
565 259 615 296 ad
635 258 795 296 ultimum
818 259 950 306 edidit,
972 260 1083 306 adeo,
1114 259 1217 296 etiam
1241 262 1362 314 verfics

126 321 166 359 in
191 322 378 370 senefiam,
402 321 546 373 viguit,
571 334 610 359 ut
638 322 717 373 post
737 323 880 374 sextum
913 324 949 360 δ’
979 321 1203 373 offogefimum
1231 334 1362 378 angium

76 400 79 404 ·
120 382 242 433 filium
267 382 434 436 genuerit.
471 384 570 423 Inter
591 397 661 423 tres
684 384 809 423 liberos
830 383 909 437 ejus
924 415 935 432 ‚
958 384 1148 422 maximum
1170 396 1258 422 mm
1281 387 1363 423 Mi-

126 445 281 498 cipfizrn,
311 444 518 497 Guluffizm,
547 447 826 498 Mastanabalem
841 477 853 494 ,
876 447 936 498 qui
966 446 1069 484 etiam
1099 446 1230 484 Graecis
1251 447 1364 485 literis

121 508 284 545 cruditus
307 519 407 555 erat,
432 507 480 547 P.
504 509 626 561 Scipio
649 509 878 547 AEmilianus
903 507 1006 561 (cum
1030 522 1204 546 commune
1227 509 1278 546 eis
1297 526 1366 560 ρα-

126 580 180 607 ter
202 583 340 621 regnum
367 569 571 621 reliqufft,
594 569 629 607 ἐξ
646 570 801 608 dividere
829 584 888 608 eos
911 570 1040 607 arbitro
1064 570 1227 622 Scipione
1245 569 1364 623 juffi‘JL

120 628 208 684 set)
227 643 350 684 partes
376 631 642 684 administrandi
667 632 761 683 regni
782 631 909 682 divisit.
936 631 1020 670 Item
1041 630 1209 669 Phamaeae
1227 631 1367 670 Himil-

125 694 227 742 coni,
248 692 405 747 praefeffo
433 695 583 747 equitum
616 694 971 748 Carthaginienfium,
991 694 1067 731 viro
1081 693 1175 745 forti
1187 723 1199 742 ,
1216 694 1251 731 δ’
1264 693 1366 747 cujus

118 755 296 808 praecipua
329 769 431 808 opera
466 755 569 793 Poeni
603 755 804 803 utebantur,
834 756 1027 808 persuastt,
1050 766 1090 793 ut
1111 755 1162 791 ad
1184 757 1367 794 Romanos

127 832 206 856 cum
228 818 384 870 equitatu
404 817 472 870 fito
495 819 666 870 transiret.
697 819 762 856 Ex
788 817 902 856 tribus
923 817 1075 870 legatis,
1098 816 1158 869 qui
1182 819 1232 855 ad
1250 820 1365 870 Mast-

126 879 253 932 niſjizm
276 880 363 931 miffi'
370 878 541 933 fuerant,
569 879 743 918 Claudius
764 879 987 926 Marcellus,
1010 890 1127 917 coorta
1153 879 1363 931 tempestate,

121 943 293 994 fluelibus
317 943 459 982 obrutus
483 943 539 995 eft.
571 942 875 994 Carthaginienses
890 940 1175 993 Hasdrubalem,
1193 941 1368 995 Alafinisss

119 1006 173 1058 [ιε
196 1016 369 1058 nepotem,
386 1018 483 1057 quem
500 1015 678 1055 praetorem
694 1003 890 1051 habebant,
913 1002 1128 1056 proditionis
1142 1001 1335 1054 fitspet‘lum
1349 1033 1371 1051 ,⁷

125 1065 165 1104 in
193 1067 291 1104 curia
315 1066 539 1104 occiderunt:
565 1079 638 1118 quae
655 1064 812 1117 suspicio
835 1064 916 1102 inde
943 1062 1143 1111 emanavit,
1168 1065 1263 1115 quod
1278 1079 1364 1116 pro-

122 1129 282 1182 pinquus
301 1127 382 1180 fft
403 1127 556 1180 Guluffae
568 1158 580 1176 ,
600 1129 838 1166 Romanorum
858 1126 1002 1166 auxilia
1009 1125 1192 1182 juvantis.
1217 1126 1266 1166 P.
1284 1129 1313 1165 S
1317 1130 1367 1166 ci.

117 1191 183 1246 pio
221 1191 477 1237 AEmilianus,
507 1205 584 1228 cum
618 1190 818 1228 aedilitatem
845 1201 1000 1243 peteret,
1034 1189 1155 1242 consul
1179 1204 1202 1227 a
1231 1194 1365 1244 populo

123 1254 237 1293 diblus
253 1284 266 1302 ,
292 1254 454 1306 quoniam
477 1267 538 1305 per
566 1267 679 1292 annos
705 1251 879 1306 consulem
903 1253 985 1303 fieri
1012 1268 1084 1291 non
1109 1253 1259 1302 licebat,
1284 1269 1362 1293 cum

124 1329 250 1369 magno
281 1314 464 1353 certamine
489 1311 726 1366 suffragantis
750 1314 868 1365 plebis
887 1344 898 1362 ‚
928 1315 963 1353 6³
988 1317 1265 1367 repugnantibus
1292 1316 1363 1354 ali-

123 1377 294 1430 quamdiu
309 1374 481 1415 Patribus
496 1404 509 1420 ‚
525 1373 661 1426 legibus
671 1374 835 1426 firlutus,
859 1376 894 1414 ὅ*
913 1376 1036 1428 consul
1052 1389 1187 1414 creatus
1205 1378 1259 1429 est.
1284 1380 1335 1416 M
1338 1378 1362 1417 ’ζ

122 1438 309 1480 Manilius
331 1436 469 1488 aliquot
493 1437 592 1474 urbes
612 1437 867 1489 circumpositas
899 1437 1107 1490 Carthagini
1127 1441 1359 1492 expugnavit.

121 1498 448 1554 Pseudophilippus
476 1497 513 1535 in
545 1499 787 1545 Macedonia,
811 1500 895 1551 caeso
927 1514 1002 1537 cum
1030 1500 1182 1538 exercitu
1213 1502 1258 1540 P.
1287 1508 1360 1551 Ju..

120 1561 236 1601 ventio
259 1571 427 1612 praetore,
454 1574 477 1597 a
505 1560 553 1612 Q.
580 1559 716 1600 Caecilio
741 1560 852 1599 vitius
877 1561 1063 1614 captusque
1085 1563 1149 1616 est,
1171 1562 1206 1600 ‹⁴3›
1224 1577 1358 1616 recepta

119 1623 349 1664 Macedonia.

66 1758 100 1800 Ϊ.
116 1710 211 1799 SP.
238 1759 432 1799 Postumio
455 1759 620 1810 Albino,
644 1763 685 1802 L.
710 1763 919 1814 Calpurnio
945 1764 1078 1804 Pisone
1102 1764 1352 1815 Consulibus,

67 1831 222 1862 tantum
245 1823 463 1863 animorum
489 1837 591 1864 novo
614 1824 858 1866 Macedoniae
883 1827 961 1878 regi
983 1828 1207 1875 accesserat,
1235 1838 1279 1866 ut
1302 1829 1353 1867 ad

66 1885 213 1924 vicinas
235 1897 390 1936 quoque
410 1886 585 1937 regiones
606 1889 833 1928 extenderet
857 1901 1020 1938 manus,
1046 1890 1355 1940 magnitudinem

66 1947 244 1999 imperii,
266 1948 406 1999 quibus
433 1949 577 1989 finibus
601 1964 725 2001 nuper
749 1951 951 2004 Philippus
984 1962 1074 1992 ante
1100 1951 1245 1992 bellum
1276 1953 1356 1993 Ro-

63 2023 227 2051 manum
244 2010 441 2058 tenuisset,
460 2013 674 2063 cupiditate
702 2015 844 2065 speque
869 2015 1110 2067 complexus.
1145 2014 1216 2055 Ille
1234 2017 1352 2054 modo

61 2074 344 2122 mercenarius,
365 2075 516 2115 ince'rtae
543 2075 751 2125 libertatis,
775 2078 840 2128 qui
867 2077 967 2118 nihil
995 2078 1042 2118 ab
1070 2077 1233 2117 infantia
1249 2109 1261 2124 ,
1283 2079 1352 2118 niti

64 2134 264 2175 sordidum
288 2138 323 2176 δε
347 2136 516 2187 humile,
535 2140 704 2188 viderat,
720 2139 876 2191 anguste
898 2140 965 2180 fibi
990 2141 1180 2181 dominari
1196 2141 1352 2181 videba-

64 2204 151 2246 tur,
167 2196 193 2236 fi
213 2198 310 2238 intra
325 2198 569 2238 Macedoniae
594 2201 778 2240 terminos
799 2202 1015 2252 potentiam
1031 2212 1234 2253 coerceret.
1253 2203 1349 2240 adeo

61 2259 249 2298 nimirum
281 2259 427 2310 amplas
454 2273 546 2312 opes
574 2273 622 2300 ex
651 2261 788 2312 nullis,
815 2264 1044 2314 &ingentes
1069 2276 1117 2303 ex
1143 2263 1349 2302 mediocri·

58 2318 162 2373 Ubus,
185 2335 265 2360 non
288 2330 366 2361 tam
391 2332 570 2373 appetere
596 2325 724 2373 magni
753 2324 893 2372 animi,
920 2339 1036 2375 quam
1061 2325 1239 2365 omittere
1267 2338 1349 2364 mo·

67 2381 189 2421 derati
207 2384 242 2421 ὃς
259 2381 435 2434 sapientis
453 2384 515 2424 est.
538 2383 743 2432 Thess'alia,
763 2387 938 2437 proxima
955 2388 1213 2434 Macedoniae,
1232 2388 1266 2427 &
1284 2386 1351 2425 diu

65 2444 223 2484 ditionis
251 2444 448 2495 ejusdem,
470 2458 558 2487 cum
586 2447 635 2487 ad
661 2449 981 2489 commoditatem
1010 2449 1239 2497 invadendi,
1266 2457 1349 2489 tum
