1673 3052
272 214 337 264 '40
624 204 1191 256 TITILIVII

273 331 387 360 nunc
416 332 568 376 quoqne
594 317 639 359 ire
661 314 855 377 potestate
862 315 1041 375 senatus
1066 333 1116 361 ac
1140 315 1353 377 confidunt
1381 313 1481 379 effi,
1510 313 1556 362 6·

275 392 419 432 omnia
449 389 611 455 honesta
635 392 727 434 loca
746 391 911 443 ducere,
937 392 1084 450 quibus
1103 391 1393 452 rempublicam
1416 388 1558 450 defen·

272 460 360 517 ficri
380 460 497 523 fitis.

341 533 540 578 XXXV.
566 534 674 580 Haec
694 534 769 579 ubi
791 533 928 591 dixit,
947 531 1250 580 collaudatum
1279 522 1433 580 amitis
1451 548 1559 579 ver-

278 602 347 650 b‘1s
383 604 538 650 consul
562 622 616 651 ex
638 607 864 652 concione
888 606 933 651 in
964 606 1158 652 senatum
1189 606 1331 654 duxit.
1359 606 1422 653 lbi
1443 620 1559 668 quo·

278 692 366 738 que
399 678 438 723 ei
470 694 524 723 ex
558 679 823 726 auftoritate
857 678 1031 726 senatus
1067 678 1219 743 gratiae
1252 679 1382 736 aaae,
1409 678 1559 725 tribu-

281 749 418 810 nique
456 750 666 797 militares
708 753 753 799 in
798 752 977 815 legione
1013 752 1156 814 prima
1191 752 1382 814 primum
1421 750 1563 813 pilum

283 821 467 869 virtutis
502 824 626 870 causa
663 824 701 870 ei
739 825 1019 888 affignarunt.
1063 825 1198 872 ceteri
1236 823 1522 872 centuriones
1547 857 1563 880 ,

283 894 441 940 omissa
479 896 814 957 appellatione,
848 898 900 943 ad
937 897 1153 943 delef'sum
1194 896 1458 942 obedienter
1491 909 1564 940 re—

283 967 576 1030 sponderunt.
610 972 720 1030 Quo
741 971 954 1018 maturius
977 971 1020 1017 in
1053 967 1568 1033 provinciasmagistra·

286 1058 357 1088 tus
380 1043 769 1105 proficiscerentur
785 1081 798 1102 ‚
821 1045 990 1091 Latinae
1011 1043 1225 1090 Kalendis
1251 1043 1392 1091 Juniis
1419 1040 1568 1089 fuere:

286 1131 438 1178 eoque
459 1115 663 1161 soliemni
686 1116 908 1177 perfefflo,
930 1116 982 1161 C.
1001 1114 1236 1162 Lucretius
1253 1126 1445 1178 praetor,
1467 1129 1570 1158 om-

289 1187 420 1232 nibus
437 1223 449 1241 ‚
468 1203 566 1249 quae
584 1189 637 1233 ad
658 1188 831 1234 classem
853 1205 966 1250 opus
983 1200 1134 1245 erant,
1153 1185 1409 1250 praemissis,
1428 1186 1572 1232 Brun-

291 1258 451 1304 disium
486 1259 546 1304 est
583 1260 823 1322 profeiius.
866 1263 1030 1308 Praeter
1065 1277 1144 1307 eos
1179 1258 1426 1316 exercitus,
1453 1266 1573 1321 quos

293 1332 499 1378 consules
529 1334 879 1395 comparabant,
899 1335 952 1380 C.
983 1332 1185 1394 Sulpicio
1211 1331 1370 1379 Galbae
1390 1329 1575 1394 praetori

295 1406 526 1467 negotium
549 1408 725 1464 datum,
753 1420 802 1455 ut
828 1420 1019 1471 quatuor
1045 1407 1244 1472 legiones
1275 1405 1482 1454 scriberet
1503 1421 1574 1452 ur-

296 1478 433 1524 banas
464 1477 582 1538 justo
620 1496 810 1526 numero
847 1480 1046 1542 peditum
1087 1478 1405 1542 equitumque3
1436 1476 1577 1541 iisque

295 1566 497 1613 quatuor
531 1553 739 1599 tribunos
776 1553 970 1600 militum
1002 1569 1058 1599 ex
1092 1551 1241 1600 senatu
1277 1550 1466 1615 legeret,
1499 1547 1578 1612 qui

296 1624 530 1687 praeessent
547 1641 558 1668 τ
578 1625 709 1671 sociis
730 1624 874 1671 Latini
899 1624 1098 1671 nominis
1124 1623 1359 1686 imperaret
1387 1620 1579 1685 quinde-

300 1696 390 1742 cim
423 1697 562 1744 millia
599 1698 825 1759 peditum,
846 1698 967 1745 misse
995 1699 1044 1744 &
1075 1697 1292 1742 ducentos
1324 1693 1510 1758 equites.
1540 1696 1580 1740 Is

299 1769 524 1815 exercitus
555 1770 620 1815 uti
655 1781 830 1831 paratus
861 1769 989 1825 effer,
1021 1783 1113 1831 quo
1143 1766 1314 1813 senatus
1337 1764 1579 1814 censuiss‘et.

299 1844 350 1889 P.
379 1842 557 1888 Licinio
580 1842 753 1888 consuli
782 1843 836 1888 ad
866 1841 1111 1889 exercitum
1135 1839 1317 1887 civilem
1345 1836 1582 1885 socialem-

302 1932 390 1975 que
430 1914 597 1977 petenti
636 1914 783 1960 addita
820 1913 1005 1969 auxilia,
1033 1913 1243 1976 Ligurum
1288 1912 1380 1958 duo
1418 1909 1584 1968 millia,

305 1984 539 2034 Cretenses
573 1986 809 2048 fikf'ssfflsiss
841 1985 1071 2050 (incertus
1101 1999 1336 2041 numerus,
1368 1993 1584 2045 quantum

305 2061 454 2124 rogati
493 2059 655 2105 auxilia
691 2058 924 2105 Cretenses
967 2055 1208 2119 misissent)
1234 2053 1441 2101 Numidae
1477 2052 1585 2099 item

306 2134 479 2189 equites
515 2133 844 2196 elephantique.
877 2135 923 2179 In
955 2149 1051 2178 eam
1084 2148 1177 2177 rem
1204 2129 1331 2192 legati
1363 2129 1418 2176 ad
1450 2126 1585 2174 Masi-

307 2207 462 2252 nissam
495 2204 963 2267 Carthaginiensesque
989 2204 1100 2251 miffi
1119 2242 1136 2262 ,
1163 2207 1210 2250 L.
1229 2201 1478 2250 Postumius
1512 2199 1588 2246 Al-

308 2277 440 2324 binus
458 2313 472 2332 ‚
502 2277 563 2336 Q.
587 2275 825 2321 Terentius
854 2275 1044 2332 Culleo,
1068 2277 1122 2321 C.
1144 2274 1354 2322 Aburius.
1390 2275 1438 2318 ln
1471 2273 1586 2318 Cre·

310 2361 399 2396 tam
432 2350 536 2395 item
577 2348 746 2412 legatos
780 2363 867 2396 tres
898 2349 962 2394 ire
999 2348 1191 2410 placuit,
1226 2348 1277 2393 A.
1312 2344 1588 2392 Postumium

312 2422 525 2472 Albinum
540 2459 552 2479 ‚
576 2424 629 2469 C.
650 2423 907 2471 Decimium
922 2456 934 2478 ‚
956 2425 1008 2470 A.
1031 2422 1252 2469 Licinium
1274 2420 1488 2466 Nervam.

379 2496 602 2544 XXXVI.
638 2498 720 2545 Per
746 2496 863 2545 idem
886 2509 1062 2560 tempus
1084 2493 1216 2560 legati
1241 2493 1297 2544 ab
1315 2508 1416 2558 rege
1433 2489 1594 2540 Perseo
