1673 3052
251 187 345 245 284
411 179 1475 233 ΙΟ.ῬΗΕ1Ν5ΗΕΜ115[]ΡΡιΕΜ.

251 293 364 341 libus,
383 292 512 344 erant)
527 291 650 340 primo
669 287 922 339 populatores
938 287 1127 338 aggressus
1139 318 1152 337 ‚
1164 287 1388 338 quindecim
1406 300 1543 331 ,eorum

251 353 371 393 millia
403 351 599 391 interfecit
626 363 635 389 :
671 350 762 388 inde
797 349 846 388 ad
883 347 1022 389 Ocilen
1054 348 1268 388 transduxit
1297 352 1540 399 exercitum,

250 426 464 466 magnaque
480 415 515 453 δε
530 413 583 451 ibi
599 412 718 461 strage
732 410 1000 451 Lufitanorum
1015 410 1120 450 edita
1131 441 1143 460 ,
1158 411 1400 450 obfidionem
1416 410 1540 451 solvit.

247 476 441 517 Postremo
474 486 614 524 agmen
648 473 829 520 adortus,
860 471 965 522 quod
1000 472 1168 521 praedam
1195 485 1242 512 ex
1270 473 1368 523 agris
1394 480 1544 522 raptam

249 533 466 582 av‚ehebat
491 533 697 573 occidione
722 532 891 572 occidit:
920 540 964 571 ut
985 545 1033 571 ne
1055 531 1214 570 nuntius
1235 533 1394 582 quidem
1419 531 1542 575 cladis

248 594 462 646 superelset.
494 595 549 634 Ex
575 594 724 644 praeda,
743 602 930 658 quantum
956 593 1044 631 ferri
1065 600 1239 643 poterat
1258 593 1447 637 militibus
1471 593 1545 634 da-

238 667 359 696 -tumz
393 665 521 694 cetera
547 654 677 694 onmia
700 639 920 705 praesidibus
947 652 1138 693 bellorum
1155 652 1237 692 Diis
1261 653 1420 693 incendi
1448 666 1544 704 prae-

249 728 311 758 tor
345 720 538 768 exutique
553 716 670 766 juffit.

304 780 406 821 XLI.
433 780 598 820 'Interim
615 779 669 818 vin
695 778 774 819 Afia
809 790 873 818 rex
898 777 1071 827 Attalus,
1097 790 1239 829 magno
1274 789 1341 836 per
1371 775 1545 816 hiemem

246 844 419 883 exercitu
446 845 608 890 coacto,
634 843 683 882 ad
708 841 854 881 bellum
882 840 1014 881 Prusiae
1035 840 1283 880 inferendum
1303 839 1342 879 se
1362 838 1546 890 parabat,

252 908 407 956 adjutus
436 905 552 944 etiam
580 904 829 944 auxiliaribus
850 903 1108 954 Cappadociae
1128 902 1314 952 Pontique
1335 914 1468 952 regum
1484 912 1549 940 co-

254 971 356 1021 piis
382 981 475 1018 quas
510 968 726 1007 Demetrius
752 966 956 1008 Ariarathis
989 967 1029 1006 F.
1057 967 1281 1008 adduxerau
1320 967 1434 1006 Cadis
1463 975 1549 1005 tum

252 1039 359 1079 erat
382 1031 437 1069 ita
462 1029 528 1068 sita
558 1029 733 1079 oppido,
760 1039 802 1068 ut
826 1030 924 1068 inter
949 1027 1114 1079 Phrygas
1140 1027 1345 1079 Mysusque
1377 1027 1550 1078 ambigui

243 1095 322 1137 ¹soli
346 1093 557 1141 habeatur,
577 1105 667 1131 cum
694 1093 850 1141 decem,
876 1104 971 1142 quos
995 1091 1144 1131 senatus
1171 1090 1338 1139 miserat,
1360 1090 1476 1141 legati
1499 1089 1552 1129 ad.

253 1170 346 1197 eum
359 1168 511 1197 venere.
536 1155 562 1194 ii
586 1152 745 1201 deinde,
766 1153 960 1204 colloquio
983 1164 1072 1192 cum
1094 1165 1182 1204 rege
1206 1153 1254 1192 de
1274 1151 1549 1192 communibus

252 1219 368 1258 rebus
394 1216 543 1264 habito,
567 1216 667 1255 reeta
689 1224 936 1266 perrexerunt
950 1215 998 1254 ad
1022 1214 1198 1254 Prusiam.
1220 1213 1360 1254 Prufias
1376 1244 1388 1262 ‚
1407 1213 1549 1266 auditis

253 1281 406 1321 senatus
427 1279 646 1326 mandatis,
675 1277 892 1317 cavillando
915 1285 1067 1327 tempus
1084 1275 1232 1315 trahere
1252 1275 1355 1315 nisus
1373 1275 1449 1325 est;
1475 1275 1550 1315 alia

255 1342 413 1392 quidem
445 1339 482 1379 se
515 1340 709 1379 facturum
738 1338 925 1386 afferens,
949 1336 1022 1376 alia
1058 1336 1230 1376 minime.
1277 1336 1390 1377 Unde
1416 1306 1549 1375 0’ffens1

253 1404 303 1443 dt
294 1416 393 1442 cem
418 1401 561 1452 legati,
584 1391 803 1438 renuntiata
827 1397 880 1437 illi
913 1397 1119 1446 societate,
1147 1397 1332 1436 continuo
1359 1397 1410 1437 ad
1438 1397 1552 1436 Atta-

253 1465 337 1504 lum
360 1464 397 1503 se
424 1470 672 1514 receperunt:
699 1474 796 1512 quos
826 1458 1097 1510 aliquantisper
1129 1459 1353 1509 prosecutus
1380 1458 1553 1504 Prufias,

253 1527 462 1577 multisque
498 1525 695 1565 blanditiis
727 1524 882 1576 placare
910 1534 1096 1571 conatu3‚
1125 1521 1324 1573 postquam
1351 1521 1484 1561 frustra
1514 1520 1553 1560 se

254 1590 332 1630 effe
362 1590 489 1638 videt,
517 1587 652 1628 anxius
675 1590 772 1637 Jam‚
802 1588 837 1627 δε
864 1585 1171 1637 magnitudinem
1193 1583 1355 1634 periculi
1379 1583 1473 1623 serio
1495 1595 1553 1622 re·

256 1663 422 1704 putans,
436 1652 474 1689 in
493 1663 655 1702 regnum
677 1651 800 1691 rediit.
825 1649 955 1701 Legati
971 1679 984 1696 ,
1004 1648 1154 1686 monito
1168 1644 1315 1695 Attalo,
1334 1658 1396 1693 ut,
1402 1645 1474 1699 fica
1493 1647 1554 1683 de-

248 1716 392 1769 findere
415 1725 613 1762 contentus,
635 1714 721 1752 bello
730 1715 854 1767 sponte
875 1711 1053 1764 inserendo
1073 1710 1274 1762 abstineret,
1294 1709 1392 1747 inter
1406 1707 1444 1747 se
1458 1720 1551 1747 con-

255 1779 477 1825 stituerunt,
502 1784 546 1816 ut
566 1789 651 1827 pars
684 1777 733 1815 ad
757 1775 839 1816 haec
866 1773 996 1813 omnia
1021 1771 1280 1811 renuntianda
1307 1769 1451 1809 senatui
1476 1770 1556 1810 Ro-

256 1855 363 1880 mam
379 1848 627 1879 reverteretur
642 1852 653 1887 3
667 1838 798 1887 ceteri,
811 1850 879 1889 per
891 1837 1048 1885 Joniam
1062 1833 1438 1884 Hellespontumque
1452 1834 1487 1872 ὃς
1501 1834 1556 1872 vi-

258 1906 366 1943 cinos
394 1903 581 1954 Byzantio
610 1903 776 1954 populos
807 1900 1084 1948 discurrentes,
1108 1898 1366 1938 abstraherent
1387 1911 1408 1938 a
1431 1897 1555 1938 Prusia

254 1967 468 2006 hominum
488 1967 661 2014 animos,
685 1963 891 2014 Attaloque
916 1962 1175 2002 conciliarent.

312 2029 434 2070 XLII.
460 2028 517 2067 Ita
541 2042 619 2067 non
645 2027 767 2067 multo
788 2026 870 2077 post
887 2035 1063 2075 tempore
1088 2024 1203 2063 frater
1225 2023 1323 2074 regis
1346 2021 1553 2063 Athenaeus

264 2104 354 2132 cum
383 2088 493 2128 classe
525 2089 680 2127 navium
705 2090 892 2127 teetarum
915 2085 1112 2136 octoginta
1136 2085 1316 2135 navigare
1337 2084 1376 2122 in
1400 2082 1556 2124 Helles-

261 2162 425 2206 pontum
452 2152 587 2203 potuit.
612 2152 665 2191 Ex
690 2150 749 2189 his
775 2150 940 2200 quinque
961 2150 1138 2187 triremes
1157 2146 1400 2187 Rhodiorum
1421 2154 1553 2187 erant:

262 2217 547 2269 Cyzicenorum
574 2214 735 2265 viginti3
758 2212 896 2263 quibus
925 2211 1074 2251 suarum
1101 2210 1245 2262 septem
1271 2213 1306 2251 &
1330 2211 1466 2262 viginti
1489 2211 1555 2250 At.

258 2279 358 2319 talus
390 2279 615 2324 addideram
644 2275 796 2325 reliquae
832 2274 879 2312 ab
907 2273 992 2313 aliis
1020 2273 1136 2312 sociis
1172 2272 1358 2312 submissae
1386 2273 1552 2312 fuerant.

258 2342 359 2384 Cum
384 2340 442 2378 his
465 2338 688 2386 Athenaeus,
715 2348 759 2376 ut
784 2349 977 2387 quamque
1003 2336 1157 2375 urbium
1186 2335 1318 2375 Prusiae
1346 2343 1556 2386 praeterve-

268 2458 326 2528 pff
358 2456 429 2489 *<.L
463 2455 1076 2499 Cssc.offic.1,.Appian.Diod
1097 2464 1162 2500 31,
1186 2464 1218 2497 5.
1246 2454 1390 2498 Eutrop.
1423 2451 1560 2497 §XLL

296 2504 387 2545 (1)1).
408 2513 480 2536 cxc.
509 2500 953 2546 Leg·11.155.Strab.1.12.
