1673 3052
277 211 370 256 204
640 196 1202 245 T1T1L1V11

264 304 345 365 sea
360 339 375 360 ,
400 319 597 365 tanquam
627 319 704 350 tres
723 305 984 366 sententias,
1001 309 1162 366 ponite.
1195 306 1286 351 duae
1317 322 1396 352 nos
1424 305 1562 367 absbl⁴

274 393 379 425 runt
397 396 412 423 :
431 395 517 422 una
545 379 672 423 dubia
688 378 763 444 est,
782 369 828 424 ut
843 380 1012 440 gravior
1021 378 1098 443 sit.
1118 381 1193 425 Illi
1214 382 1263 424 de
1290 382 1412 425 nobis
1428 379 1562 443 siju-

273 452 458 496 dicarent
473 485 486 507 ‚
508 453 702 496 damnati
731 449 909 515 effimus.
938 468 1013 497 vos
1037 451 1246 508 judicate?
1242 487 1254 509 ,
1285 453 1435 497 Patres
1459 469 1562 498 con-

261 524 417 584 J'cripti
428 523 513 587 ‚stt
528 526 706 570 Rhodus
724 528 769 570 in
788 527 900 571 terris
914 559 927 582 ‚
946 524 1214 583 anfunditus
1234 528 1430 572 deleatur.
1460 527 1563 571 Non

274 596 384 639 enim
417 599 466 641 de
494 598 597 642 bello
629 598 894 654 deliberatis,
920 599 1068 642 Patres
1091 597 1333 658 conseripti,
1358 599 1471 658 quod
1496 598 1566 642 in-

264 667 374 726 ferre
383 670 550 734 potestis
566 704 578 727 ‚
595 687 723 732 gerere
744 689 828 716 non
843 671 1011 735 potestis
1021 689 1041 726 ;
1060 689 1149 716 cum
1169 686 1287 725 nemo
1302 671 1564 715 Rhodiorum

275 760 395 787 arma
414 745 608 804 adversus
637 763 711 790 vos
739 750 899 790 laturus
909 744 985 808 sit.
1013 748 1066 790 Si
1077 745 1386 805 perseverabitis
1403 745 1450 788 in
1471 745 1536 788 ira
1546 778 1566 798 ,

274 833 433 878 ternpus
453 837 479 862 a
502 820 622 864 vobis
636 833 820 878 petemus
833 852 846 874 ‚
867 836 946 878 quo
964 820 1071 863 lianc
1083 817 1298 886 funestam
1323 816 1569 878 legationem

276 894 446 937 domum
464 891 685 950 reseramus
703 910 717 937 :
738 894 882 941 onznia
898 892 1026 937 libera
1045 891 1210 952 capita,
1230 890 1438 951 quidquid
1452 890 1570 934 Rlzo-

276 966 438 1009 diorum
460 967 666 1017 virorum,
680 963 942 1023 feminarum
965 964 1017 1029 est
1028 999 1041 1021 ‚
1061 981 1153 1010 cum
1170 965 1285 1008 omni
1295 964 1476 1023 pecunia
1492 980 1568 1008 no-

263 1038 354 1104 sta
375 1056 502 1083 naves
525 1040 840 1099 conscendemus
848 1056 867 1094 ,·
893 1056 942 1083 ac
958 1072 970 1094 ,
995 1038 1141 1084 reliffls
1152 1038 1375 1098 penatibus
1387 1037 1572 1097 publicis

268 1111 550 1171 privatisque,
580 1112 762 1157 Romam
788 1113 998 1156 veniemus
1016 1128 1032 1156 .·
1062 1107 1130 1168 δ’,
1156 1111 1272 1155 omni
1301 1127 1404 1156 auro
1434 1106 1477 1155 G·
1501 1126 1574 1154 ar-

274 1200 396 1243 gento
411 1217 424 1239 ‚
456 1184 661 1244 quidquid
668 1186 851 1244 publici,
873 1185 1081 1244 quidquid
1099 1183 1260 1243 privati
1282 1182 1355 1247 est,
1375 1184 1421 1228 in
1442 1183 1571 1228 comi-

277 1257 361 1311 tio,
383 1258 429 1300 in
447 1257 638 1323 vestibulo
659 1258 778 1301 curiae
807 1257 935 1319 vssrae
950 1289 963 1309 ‚
985 1260 1196 1301 cumulato
1210 1289 1226 1311 ‚
1247 1272 1417 1315 corpora
1435 1255 1572 1320 nostra

279 1327 581 1390 conjugumque
598 1349 646 1375 ac
673 1332 888 1375 liberorum
906 1330 1036 1394 vestrae
1057 1329 1252 1394 potestati
1260 1331 1573 1390 permittemus,

282 1404 349 1447 hic
361 1400 523 1464 paffitri
535 1438 548 1461 ,
573 1406 838 1463 quodcunque
850 1405 1099 1464 patiendum
1126 1404 1212 1447 erit.
1233 1404 1386 1462 procul
1404 1403 1456 1447 ab
1476 1418 1570 1448 ocu-

279 1478 333 1520 lis
367 1475 513 1540 nestris
547 1478 643 1521 url⁷s
675 1477 808 1541 nostra
840 1475 1092 1535 diripiatur,
1123 1477 1382 1520 incendatur.
1421 1475 1573 1538 Hostes

280 1549 476 1593 Rhodios
507 1546 580 1610 eſje
597 1583 611 1605 ,
639 1550 830 1594 Romani
850 1547 1048 1604 judicare
1060 1545 1257 1610 poffitnt:
1281 1547 1334 1613 est
1365 1563 1505 1592 tamen
1531 1543 1574 1592 ὃ·

278 1622 457 1686 nostrum
484 1624 661 1683 aliquod
688 1626 737 1667 de
755 1624 877 1667 nobis
895 1620 1114 1679 judicium
1128 1654 1142 1676 ,
1162 1639 1240 1681 quo
1261 1638 1474 1680 nunquam
1496 1619 1574 1674 ju·-

260 1685 511 1740 'dicabimus
545 1712 623 1740 nos
657 1696 802 1761 vestros
840 1695 966 1758 lzostes
992 1710 1010 1737 .·
1041 1711 1114 1738 nec
1153 1694 1381 1753 quidquam
1415 1692 1575 1758 hostile,

280 1767 470 1829 etiamst
499 1768 645 1812 omnia
667 1770 908 1826 patiemur,
928 1764 1153 1823 faciemus.

346 1841 497 1886 XXV.
519 1839 776 1885 Secundum
798 1838 929 1883 talem
961 1836 1219 1883 orationem
1248 1834 1448 1885 univerfi
1470 1852 1574 1882 rur-

279 1910 349 1958 sus
386 1911 706 1974 prociderunt‚
730 1908 965 1972 ramosque
996 1909 1110 1956 oleae
1143 1908 1366 1972 supplices
1403 1907 1574 1968 jaRan-

280 1995 371 2041 tes,
397 1984 576 2031 tandem
604 1983 813 2040 excitati,
836 1984 959 2031 curia
985 1983 1279 2031 excefferunt.
1309 1984 1442 2031 Tunc
1471 1981 1574 2030 sen-

279 2057 433 2104 tenffae
452 2057 722 2122 interrogari
742 2071 922 2121 coeptae,
940 2058 1202 2105 Infestiffimi
1220 2057 1411 2105 Rhodiis
1428 2069 1574 2117 erant,

280 2131 358 2193 qui
379 2130 582 2178 consules
610 2132 887 2194 praetoresve
919 2145 995 2179 aut
1013 2131 1146 2196 legati
1167 2131 1382 2195 gefferant
1402 2130 1450 2178 in
1470 2132 1574 2178 Ma-

282 2204 475 2251 cedonia
513 2205 694 2253 bellum.
721 2206 969 2252 Plurimum
1002 2204 1175 2253 causam
1208 2221 1365 2252 eorum
1397 2202 1574 2265 adjuvit

283 2278 348 2322 M.
379 2278 565 2324 Porcius
601 2280 747 2334 Cat0;
772 2279 878 2341 qui,
906 2279 1030 2341 asper
1058 2278 1271 2342 ingenio,
1293 2289 1388 2324 tum
1425 2276 1573 2323 lenem

283 2347 528 2416 mitemque
558 2349 805 2397 senatorem
826 2352 929 2415 egit.
950 2353 1060 2398 Non
1081 2351 1269 2397 inseram
1291 2348 1572 2396 fimulacrum

284 2419 373 2468 viri
405 2421 605 2483 copiosi,
627 2440 726 2484 quae
756 2423 945 2480 dixerit,
971 2422 1236 2470 referendo:
1257 2421 1391 2484 i'pfius
1420 2420 1573 2468 oratio

285 2492 446 2558 scripta
466 2495 606 2543 exstat
620 2532 634 2556 ,
657 2497 901 2561 Originum
919 2497 1083 2560 quinto
1102 2496 1222 2544 libro
1238 2494 1422 2543 inclusa.
1440 2495 1572 2540 Rho-
1627 2516 1629 2521 ¹
