1673 3052
265 192 808 242 HISTORIARUM
843 195 965 242 LIB.
998 195 1136 244 XLII.
1275 195 1333 259 63

56 313 127 346 res
153 297 348 358 faceret,
373 315 470 345 non
500 302 652 362 portas
683 299 888 347 claudere
919 300 1015 365 regi
1043 300 1142 348 satis
1177 300 1343 349 habue-

57 383 193 428 runt,
218 371 292 418 sed
319 371 499 435 probris
536 387 725 435 quoque
751 372 797 418 in
821 371 966 434 ipsum
986 372 1345 437 Macedonasque

58 443 329 505 procacibus
345 443 523 507 jaculati
545 443 661 491 sunt.
689 461 790 508 quae
810 461 878 491 res
892 479 908 502 ‚
930 461 1030 492 cum
1063 444 1344 494 infestiorem

55 516 229 565 hostem
257 517 312 564 ad
331 518 685 581 oppugnandum
705 517 899 576 feciffet,
928 517 1048 582 ipsos
1066 519 1344 583 desperatio-

56 606 116 637 ne
150 590 298 638 veniae
333 591 388 637 ad
413 592 606 638 tuendos
638 590 726 637 sese
757 589 902 638 acrius
939 593 1160 640 accendit.
1194 595 1345 656 Itaque

57 678 138 726 per
166 661 363 708 triduum
394 662 650 725 ingentibus
677 663 888 727 utrinque
923 663 1082 711 animis
1113 666 1166 713 &
1192 682 1345 728 oppu-

57 744 204 796 gnatae
226 735 348 793 sunt,
374 736 424 783 &
446 735 651 782 defensae.
687 735 941 783 Multitudo
963 735 1266 783 Macedonum
1289 738 1345 783 ad

56 805 338 854 subeundum
363 808 564 856 invicem
591 808 808 871 proelium
832 808 952 856 haud
981 809 1221 856 difficulter
1244 809 1346 857 suc·

57 877 272 925 cedebat:
307 879 603 942 oppidanos„
629 880 745 926 diem
761 915 775 937 ‚
802 881 980 927 nociem
1006 880 1184 928 eosdem
1213 894 1344 928 tuen-

57 961 125 996 tes
153 949 353 1010 moenia,
384 966 480 997 non
506 950 697 998 vulnera
715 953 889 1011 modo,
917 952 990 999 sed
1017 952 1151 1000 etiam
1173 953 1344 1017 vigiliae

59 1022 112 1069 &
141 1022 379 1070 continens
402 1023 533 1070 labor
558 1022 844 1072 conficiebat.
876 1037 1034 1088 quarto
1062 1025 1134 1072 die
1162 1043 1264 1074 cum
1292 1030 1345 1076 &

58 1093 185 1142 scalae
213 1095 414 1160 undique
444 1096 500 1143 ad
531 1113 688 1144 muros
723 1096 997 1164 erigerentur
1015 1134 1029 1157 ‚
1063 1100 1113 1147 &
1135 1112 1267 1162 porta
1295 1101 1343 1148 vi

58 1167 230 1230 majore
253 1180 625 1234 oppugnaretur3
659 1170 878 1234 oppidani
908 1171 1077 1233 depulsi
1113 1173 1253 1220 muris
1289 1175 1346 1221 ad

60 1255 238 1303 portam
273 1243 483 1289 tuendam
523 1254 834 1302 concurrunt,
868 1243 1240 1306 eruptionemque
1272 1261 1349 1290 re-

60 1312 294 1374 pentinam
323 1313 369 1360 in
403 1313 553 1362 hostes
588 1314 772 1362 faciunt.
822 1332 923 1378 quae
958 1331 1062 1362 cum
1097 1315 1176 1362 ira:
1207 1317 1349 1379 magis

61 1383 355 1446 inconsultae,
372 1403 508 1449 quam
527 1404 647 1434 verae
668 1386 844 1435 fiduciae
871 1387 1042 1434 virium
1064 1387 1191 1445 effer,
1213 1389 1349 1450 pauci

61 1459 112 1506 δέ
133 1457 223 1505 feffi
254 1458 310 1506 ab
335 1459 521 1523 integris
547 1460 662 1523 puifi
690 1472 813 1523 terga
842 1460 1083 1516 dederunt;
1105 1459 1350 1524 fugientes-

60 1543 149 1590 que
183 1545 263 1590 per
300 1542 525 1591 patentem
561 1542 738 1592 portam
774 1529 921 1576 hostes
956 1544 1239 1592 acceperunt.
1284 1535 1349 1579 Ita

63 1614 197 1666 capta
216 1603 322 1650 urbs
350 1620 402 1650 ac
433 1603 604 1666 direpta
632 1603 708 1651 est.
738 1603 875 1650 libera
902 1603 1093 1667 'quoque
1124 1620 1347 1665 corpora,

61 1691 166 1738 quae
184 1675 377 1722 caedibus
400 1675 738 1739 superfuerunt,
757 1676 1032 1722 venundata.
1064 1674 1236 1721 Diruto
1257 1694 1348 1723 ma-

63 1763 148 1809 gna
172 1764 229 1794 ex
258 1759 380 1810 parte
401 1750 450 1796 δε
474 1748 661 1795 incenso
687 1748 861 1811 oppido
880 1747 1110 1811 profecius
1129 1784 1143 1807 ‚
1163 1748 1217 1794 ad
1237 1748 1350 1794 Pha-

63 1820 243 1867 lannam
267 1821 407 1868 castra
438 1822 616 1870 movit:
645 1822 750 1868 inde
772 1821 955 1885 postero
986 1822 1059 1868 die
1085 1823 1351 1885 Gyrtonem

10 1950 12 1953 .
62 1893 286 1956 pervenit.
323 1895 436 1954 Quo
468 1911 571 1941 cum
602 1894 658 1942 T.
677 1894 928 1941 Minucium
961 1894 1133 1941 Rufum
1162 1896 1211 1942 &
1231 1894 1349 1955 Hip-

63 1966 207 2030 piam,
223 1967 534 2016 Thessalorum
551 1981 791 2032 praetorem
805 2006 818 2026 ‚
840 1986 941 2016 cum
964 1968 1171 2032 praesidio
1191 1967 1351 2016 intras-

63 2039 107 2086 se
123 2040 353 2103 accepisset
366 2077 379 2098 ,
395 2058 450 2088 ne
468 2053 636 2089 tentata
655 2042 835 2104 quidem
851 2042 1194 2106 oppugnatione
1206 2078 1219 2100 ,
1237 2059 1351 2104 prae·

64 2113 320 2177 tergreffus,
346 2114 534 2162 Elatiam
559 2118 609 2163 δε
627 2117 874 2173 Gonnum,
899 2114 1109 2178 percuisis
1136 2115 1352 2177 inopina*

65 2196 117 2232 to
141 2186 340 2233 adventu
361 2187 601 2249 oppidanis
619 2223 633 2245 ,
659 2187 842 2250 recepit.
875 2190 1081 2250 Utraque
1110 2187 1279 2249 oppida
1302 2187 1351 2234 in

64 2258 268 2307 faucibus
287 2261 413 2319 sunt,
433 2278 533 2324 quae
552 2261 726 2324 Tempe
750 2262 946 2317 adeunt3
982 2261 1118 2325 magis
1138 2263 1349 2307 Gonnus.

65 2331 218 2395 itaque
247 2334 296 2381 &
320 2332 520 2380 firmiore
552 2333 599 2379 id
624 2334 830 2395 praesidio
859 2345 1005 2380 tutum
1037 2333 1239 2394 equitum
1272 2349 1352 2393 pe-

68 2402 334 2464 ditumque,
354 2406 407 2450 ad
430 2404 521 2452 hoc
544 2404 655 2450 foss'a
682 2405 850 2465 triplici
880 2422 931 2450 ac
952 2404 1077 2452 vallo
1100 2403 1351 2458 munitum,

66 2476 264 2541 reliquit.
295 2477 414 2542 Ipse,
432 2478 487 2526 ad
503 2478 750 2542 Sycurium
768 2478 1020 2542 progressus
1034 2513 1049 2535 ‚
1071 2476 1270 2541 opperiri
1289 2476 1354 2523 ibi
