1673 3052
198 209 210 215 ⁰
271 204 352 252 IN
397 201 745 250 Loc.L1ss.
787 202 989 250 XLV11
1036 205 1184 251 mv,
1251 201 1256 205 ·
1308 205 1399 265 267

109 310 283 352 arbitror.
315 309 532 352 Ariarathes
545 341 557 359 ‚
576 311 640 361 qui
665 312 842 361 proxime
867 320 1088 362 regnaverat
1103 342 1114 360 ‚
1128 310 1404 352 Antiochidem

110 371 151 412 in
174 372 424 412 matrimonio
457 371 616 418 habuit,
643 372 826 412 Antiochi
856 373 989 423 Magni
1022 372 1155 412 filiam.
1182 385 1264 423 quae
1289 384 1402 419 cum,

112 433 305 484 prioribus
320 434 467 485 aliquot
488 435 660 484 conjugii
681 436 791 475 annis
806 434 939 474 sobole
953 433 1056 474 nulla
1077 435 1223 484 genita,
1237 434 1405 480 timeret,

114 507 163 534 ne
176 495 291 535 vilior
313 497 396 535 viro
422 498 458 536 &
482 496 760 547 Cappadocum
785 499 892 548 genti
914 497 1045 545 fieret,
1061 496 1302 536 callidiffima
1322 508 1407 534 mu„

116 556 187 596 liet
204 557 323 597 semel
344 567 457 609 atque
474 559 611 598 iterum
629 559 926 598 foecunditatem
950 560 1130 606 mentita,
1147 560 1316 610 primum
1334 557 1407 597 sub

117 618 324 659 Ariarathis
351 621 511 659 nomine
543 633 707 671 puerum
727 650 738 669 ,
768 620 909 660 deinde
941 620 1087 668 alium,
1116 619 1372 670 Orophernen
1393 650 1406 667 ‚

113 681 304 721 educavit.
340 682 470 721 Postea
493 695 580 721 vero
603 693 719 729 cum,
744 690 788 721 ut
807 681 875 730 fit,
898 691 1032 722 natura
1059 695 1125 721 aut
1147 682 1328 721 remediis
1353 681 1407 719 vi-

113 744 213 783 tium
235 744 506 793 vincentibus,
536 745 618 784 voti
642 743 681 783 se
706 753 930 794 compotem
952 745 1094 785 factam
1119 745 1288 793 videret,
1311 745 1408 784 duas

115 803 212 844 filias
236 818 431 856 unumque
467 819 561 845 mox
584 805 707 845 filium
734 806 860 854 enisa,
881 819 962 846 rem
991 815 1114 846 totam
1139 807 1277 845 marito
1303 815 1410 856 pate-

114 865 218 905 fecit.
234 865 323 914 Ille,
339 879 388 905 ne
409 865 598 906 subdititii
615 865 727 905 liberi
744 880 834 906 vero
856 869 891 906 ὁὶ
906 867 1070 907 naturali
1089 866 1170 906 filio
1191 867 1407 913 obstarent,

117 926 281 969 alterum
309 927 468 977 quidem
493 927 659 969 Romam
687 929 873 968 mediocri
900 922 1124 970 instruftum
1149 928 1263 968 censu
1278 959 1290 975 ‚
1315 927 1411 967 alte-

115 999 203 1027 rum
227 987 269 1026 in
291 987 446 1036 Joniam
480 986 685 1038 ablegavit„
724 988 993 1033 Mithridatem
1019 999 1149 1029 autem
1174 989 1244 1042 (id
1265 1000 1411 1027 nornen

113 1056 207 1088 nato
235 1061 284 1087 ex
310 1048 348 1087 se
373 1048 549 1099 fecerat)
573 1058 723 1088 mutato
748 1050 940 1090 vocabulo
970 1050 1192 1091 Ariarathen
1218 1053 1253 1091 ἃ
1281 1050 1410 1101 ipsum

113 1109 346 1162 appellavit:
373 1113 492 1150 unice
513 1111 696 1152 dilectum
720 1114 886 1163 parenti,
907 1127 1033 1164 neque
1055 1114 1155 1154 male
1177 1113 1411 1165 responden-

115 1182 196 1213 tem
220 1175 260 1214 in
286 1187 428 1216 amore.
463 1175 640 1226 Denique
669 1175 974 1226 pulcherrimum
1003 1186 1198 1216 certamen
1220 1177 1318 1215 inter
1343 1188 1410 1214 eos

117 1246 293 1277 exortum
309 1238 383 1286 est,
403 1248 448 1277 ut
464 1270 477 1288 ,
501 1251 579 1289 quo
605 1247 783 1290 ternpore
804 1240 897 1279 alibi
920 1239 1098 1280 locorum
1114 1253 1229 1291 regna
1255 1238 1412 1290 parrici-

118 1299 190 1341 diis
216 1308 281 1340 aut
301 1300 455 1350 adepti,
483 1309 551 1339 aut
580 1299 717 1341 servari
744 1302 784 1340 in
808 1315 957 1341 morem
980 1310 1159 1350 venerat,
1191 1302 1231 1341 in
1257 1301 1410 1351 Cappa-

117 1360 230 1401 docia
251 1369 359 1411 pater
378 1361 594 1401 Ariarathes
620 1363 755 1402 cedere
776 1363 856 1403 filio
880 1363 1155 1412 contenderet,
1176 1362 1276 1402 filius
1297 1362 1410 1412 quid-

114 1421 212 1463 libet
234 1421 428 1472 paffurum
453 1422 581 1473 potius
596 1453 607 1471 ‚
633 1437 748 1473 quam
772 1433 817 1462 ut
843 1433 991 1474 patrem
1017 1425 1210 1475 privatum
1234 1424 1409 1469 videret,

115 1484 420 1536 pervicaciffime
435 1485 647 1527 testaretur,
669 1486 781 1526 Unde
796 1499 878 1525 non
890 1486 1082 1526 immerito
1098 1487 1354 1537 Philopatoris
1371 1487 1409 1526 ei

118 1556 338 1595 cognomen
365 1545 533 1585 inditum
559 1547 610 1585 est
630 1560 652 1586 a
675 1547 838 1596 Graecis,
855 1551 1019 1600 quitum
1041 1551 1210 1601 primum
1226 1550 1343 1604 (nam
1371 1551 1409 1589 δε

117 1605 331 1647 studiorum
348 1620 478 1649 amore
498 1608 713 1660 peritiaque
727 1610 947 1651 adolescens
962 1613 1030 1652 iste
1046 1613 1254 1652 celebratus
1269 1613 1347 1662 est)
1366 1613 1408 1654 in

122 1667 373 1718 Cappadocia
389 1670 585 1710 literarum
599 1674 634 1713 ἃ
648 1673 817 1714 cultioris
828 1674 1021 1726 sapientiae
1039 1676 1166 1717 sedem
1180 1676 1402 1728 posuerunt.

172 1730 259 1771 XV.
277 1729 354 1770 Hic
380 1732 497 1782 igitur
521 1733 768 1785 Philopator,
791 1737 876 1787 post
901 1738 1054 1777 obitum
1072 1737 1170 1777 senis
1193 1738 1408 1778 hereditate

119 1791 245 1841 adita,
269 1792 367 1833 nihil
393 1795 585 1845 antiquius
604 1795 768 1848 habuit,
792 1813 906 1850 quam
931 1809 975 1840 ut
993 1810 1140 1852 patrem
1158 1799 1265 1839 omni
1286 1798 1409 1838 hono-

117 1855 171 1895 ris
199 1857 234 1898 ὃς
259 1857 553 1907 magnificentiae
580 1873 720 1910 genere
743 1864 1054 1904 contumularer:
1082 1864 1221 1904 deinde
1245 1863 1412 1910 amicos,

117 1917 415 1968 praefeetosque,
440 1922 475 1959 ἅ
500 1921 690 1972 populum
711 1924 925 1964 universum
939 1957 951 1975 ,
969 1926 1085 1977 digna
1105 1938 1297 1976 quemque
1319 1935 1410 1962 cura

120 1978 346 2030 prosecutus
359 2011 370 2028 ,
388 1984 596 2024 maximam
620 1986 722 2036 apud
739 2000 872 2027 omnes
889 1988 1198 2029 benevolentiam
1216 1986 1282 2025 fibi
1303 1998 1409 2024 com-

119 2044 279 2094 paravit.
304 2045 417 2088 Unde
435 2048 612 2099 prospera
637 2051 672 2090 ei
697 2054 804 2103 regni
830 2054 938 2093 initia
959 2054 1139 2093 fuerunt:
1172 2049 1410 2101 magnusque

120 2106 199 2152 jam
227 2104 345 2156 vulgo
370 2109 405 2147 δε
421 2108 565 2158 clarus,
585 2111 635 2151 ob
661 2125 832 2153 amorem
857 2114 1012 2154 suorum
1030 2146 1041 2163 ,
1067 2116 1103 2155 ὃ(
1125 2114 1277 2164 justitiae
1303 2111 1409 2150 fidei-

122 2181 196 2218 <lue
218 2167 405 2220 gloriam,
421 2171 645 2215 habebatur.
673 2176 790 2226 Cujus
814 2180 1010 2230 egregium
1036 2178 1231 2230 specimen
1257 2178 1299 2214 in
1320 2174 1409 2214 casu

123 2231 429 2274 Mithrobuzanis
443 2237 628 2278 Zaicadre
642 2242 759 2290 geniti
774 2243 1056 2282 demonstravit.
1088 2239 1125 2281 Is
1146 2242 1194 2280 de
1211 2239 1410 2289 Sophenes

120 2306 239 2344 regno
263 2308 352 2336 cum
377 2298 492 2337 fratre
518 2310 686 2350 certans,
704 2303 751 2342 ab
776 2304 842 2343 illo
857 2307 946 2355 ‚qui
967 2304 1112 2344 viribus
1129 2303 1291 2343 Artax-ix
1318 2314 1412 2349 prae·

122 2354 314 2405 valuerat,
338 2358 442 2398 fusus
463 2361 527 2400 est.
551 2362 659 2401 Pulso
678 2366 779 2413 apud
796 2366 1046 2416 Cappadoces
1069 2365 1289 2416 perfugium
1311 2364 1411 2409 fuit,

128 2418 163 2456 δέ
181 2430 271 2458 mox
299 2420 486 2461 auxilium
510 2423 557 2464 ab
580 2425 798 2475 Ariarathe3
821 2430 885 2478 qui
908 2429 1120 2481 supplicem
1145 2427 1254 2465 suum
1280 2424 1410 2465 valido

165 2523 190 2569 S
216 2525 306 2559 XIV.
324 2527 607 2573 Polyb.cxcerpr.
629 2532 703 2577 [eg.
731 2534 801 2566 ¹26.
829 2534 930 2566 Diod.
960 2546 993 2577 31
1012 2562 1019 2574 ,
1046 2545 1075 2575 3.
1100 2533 1203 2568 Diod.
1224 2545 1276 2576 ap.
1299 2532 1412 2565 Valei'.
