1673 3052
278 172 361 221 ΙΝ
405 172 585 222 LOC.
625 172 768 219 LIB.
816 161 1082 220 L1L'1V.
1267 185 1356 233 393

89 280 165 323 sam
177 310 189 331 ‚
208 288 250 320 ut
270 281 530 329 munitiorem,
552 291 642 319 cum
660 277 771 318 rebus
784 309 796 327 ,
812 290 903 329 quas
917 277 1065 318 auferte
1085 276 1185 318 inter
1197 277 1365 327 trepida-

84 344 232 383 tionem
258 351 461 394 potuerant
479 372 493 391 ‚
530 340 569 381 se
594 339 864 388 contulerunt,
890 339 1051 379 incensis
1079 340 1197 379 noctu
1223 338 1366 380 navali·-

84 404 181 455 bus,
203 414 360 455 totaque
396 417 441 444 ea
467 406 625 455 regione
649 402 863 452 Cothonis,
890 415 975 453 quae
997 402 1180 454 quadrata
1202 398 1366 443 vocaba-

85 473 172 513 tur,
197 479 246 505 ne
270 465 452 506 Romanis
484 464 568 504 usui
599 464 702 503 effet.
736 465 786 504 At
805 464 993 510 victores,
1016 474 1205 513 occupato
1232 470 1367 512 portu,

86 529 262 578 protinus
294 528 441 567 aditum
474 527 524 567 ad
561 539 687 565 arcem
722 525 996 567 moliebantur.
1034 523 1120 572 Ibi,
1144 524 1240 563 dum
1263 520 1366 565 Has-

90 589 230 629 drubal
253 592 288 630 &
312 588 642 640 Carthaginienses
667 589 709 628 in
726 589 953 640 Scipionem
976 586 1138 635 intenti,
1160 597 1238 636 qua
1247 583 1372 637 pluti-

86 666 197 694 mum
220 652 382 703 periculi
406 651 636 702 apparebat,
658 649 850 690 excubant
867 680 880 699 ,
909 648 1049 690 Laelius
1070 647 1237 688 rotunda
1257 655 1369 699 parte

91 714 301 762 Cothonis,
327 727 442 764 quarn
465 713 593 753 adhuc
615 722 817 753 tenuerant
840 711 987 759 hostes,
1012 710 1206 762 superata,
1224 709 1371 750 clamo.

88 775 192 816 ribus
215 778 251 816 &
275 775 444 815 tumultu
471 775 600 813 omnia
623 773 771 825 implet.
795 786 872 824 quo
894 772 1072 821 excitati,
1092 772 1262 824 quicum
1285 772 1368 812 Sci-

88 839 208 890 pione
222 845 353 886 erant,
371 837 450 875 vim
473 838 509 876 δε
533 836 601 886 ipsi
615 836 782 883 faciunt,
802 835 979 885 viamque
992 865 1004 883 ,
1025 847 1101 884 qua
1125 834 1265 884 cuique
1280 844 1371 886 pro-

93 900 244 941 ximum
268 898 345 946 est,
369 898 554 948 aperiunt.
569 898 614 938 In
635 898 720 939 foro
742 898 961 949 propinquo
985 902 1093 950 (nox
1116 897 1220 936 enim
1242 895 1371 948 super.

89 964 248 1002 veniens
272 961 410 1001 tentari
439 959 548 1011 plura
572 959 835 1014 prohibebat)
857 960 944 1002 suos
967 960 1008 999 in
1032 960 1147 1000 armis
1175 959 1371 1000 continuit

88 1023 316 1076 proconsul:
349 1023 474 1063 donec
494 1030 576 1064 orta
601 1023 683 1064 dies
706 1023 877 1064 reddidit
898 1022 1174 1076 prosequendae
1194 1023 1367 1065 vic‘toriae

89 1085 332 1126 facultatem.

143 1153 246 1194 XLI.
275 1153 411 1205 Itaque
442 1151 649 1205 proconsul
672 1153 807 1207 ipsam,
836 1166 921 1205 quae
946 1153 1025 1195 sola
1048 1155 1236 1202 restabat,
1257 1169 1370 1194 ancem

94 1215 257 1255 Invaderc
269 1245 281 1264 ,
309 1216 410 1264 dum,
431 1216 553 1267 amffz
573 1216 706 1269 reliqua
722 1216 801 1254 urbe
817 1245 830 1264 ‚
850 1217 960 1270 hostes
976 1218 1176 1270 trepidant,
1206 1224 1371 1268 quatuor

93 1276 217 1317 millia
231 1276 443 1316 recentium
464 1275 635 1315 militum
657 1275 778 1326 jubet.
795 1276 853 1317 illi
868 1277 971 1329 prius
987 1278 1026 1317 in
1048 1278 1237 1328 templum
1254 1277 1369 1328 Apol-

95 1339 211 1387 linis,
231 1337 336 1389 quod
358 1338 397 1376 in
421 1336 600 1377 Cothone
627 1338 723 1387 fuit,
746 1340 991 1390 irrumpunt:
1020 1331 1281 1391 Apollinisque
1305 1353 1372 1378 ve-

95 1401 187 1440 stem
214 1413 392 1448 auream,
421 1402 456 1440 &
484 1400 678 1452 fastigium
711 1414 804 1441 auro
837 1402 1073 1444 bracteatum
1098 1404 1229 1454 pondo
1263 1403 1373 1443 mille

92 1462 326 1502 talentorum
347 1462 388 1500 in
412 1462 580 1512 praedam
604 1472 783 1503 vertunt:
805 1476 930 1516 neque
952 1466 1057 1517 prius
1083 1466 1173 1505 inde
1195 1480 1217 1506 a
1238 1463 1371 1517 praefe-

95 1524 164 1564 etis
189 1522 353 1563 abstrahi
386 1523 567 1574 poffunt,
592 1537 708 1575 quam
735 1524 871 1576 gladiis
895 1527 1068 1568 concisas
1090 1541 1182 1579 opes
1210 1529 1309 1567 inter
1332 1527 1372 1567 se

93 1585 282 1625 dividant.
299 1597 343 1624 ea
365 1584 534 1625 militum
551 1586 726 1636 aviditas,
743 1599 847 1636 cum,
863 1587 944 1627 aliis
965 1589 1198 1641 rapientibus
1212 1602 1345 1631 aurum
1357 1621 1372 1638 ,

99 1644 182 1685 aliis
207 1645 465 1694 caedentibus‚
491 1648 527 1686 ἃ
553 1660 689 1687 manus
719 1658 925 1700 amputatae
954 1652 1195 1701 quorundam
1224 1653 1370 1701 client,

96 1706 247 1756 effecit,
273 1715 315 1746 ut
340 1708 524 1748 miraculo
555 1711 590 1749 &
612 1710 801 1761 Apollinis
835 1711 899 1769 irae
923 1724 981 1751 res
1005 1713 1288 1753 adscriberetur.
1324 1716 1373 1754 At

95 1767 176 1816 illi,
194 1769 320 1819 praeda
336 1769 484 1817 ablata,
505 1779 589 1810 tum
611 1771 769 1812 demum
799 1773 848 1812 ad
881 1773 1032 1824 Byrsam
1071 1776 1373 1826 oppugnandam

96 1840 385 1870 convertuntur.
411 1831 499 1880 Jam
519 1835 554 1872 ὃς
569 1834 699 1886 Scipio
720 1834 773 1874 ibi
795 1842 896 1875 erat:
924 1848 1141 1888 magnoque
1164 1838 1372 1878 certamine

95 1892 199 1931 viam
225 1891 292 1931 slbl
316 1892 524 1943 aperiebat.

149 1960 272 2001 XLII.
303 1960 492 2002 Ferebant
510 1971 639 2003 autem
663 1964 704 2003 in
727 1976 856 2004 arcem
880 1978 902 2005 a
926 1965 1012 2006 foro
1033 1967 1102 2007 viae
1125 1975 1219 2016 tres,
1249 1967 1371 2006 deniis

97 2022 274 2073 utrinque
303 2023 474 2076 aedificiis
490 2025 728 2077 praealtisque
749 2027 1044 2078 comprehensae.
1063 2042 1110 2068 ex
1128 2029 1264 2080 quibus
1282 2041 1371 2067 cum

99 2085 140 2125 in
163 2086 357 2126 Romanos
379 2087 454 2126 tela
475 2089 783 2139 conjicerentur,
806 2091 980 2142 proxima
1002 2105 1162 2143 quaeque
1178 2094 1344 2142 primum
1358 2122 1373 2138 ,

99 2147 239 2188 deinde
276 2150 458 2200 contigua
491 2164 765 2203 expugnavere.
814 2161 856 2192 ut
885 2154 988 2193 enim
1024 2154 1149 2205 aliqua
1183 2162 1372 2205 occupata

100 2208 238 2248 domus
264 2218 364 2258 erat,
387 2211 429 2250 in
455 2212 620 2252 vicinam
653 2213 797 2264 aggeris
822 2215 1015 2265 praebebat
1035 2216 1180 2255 vicem:
1207 2214 1375 2254 semotis.

100 2283 175 2323 que
209 2273 557 2325 propugnatoribus
590 2275 848 2326 jungebantur
885 2276 1102 2318 tabularum
1140 2276 1372 2326 injectione,

145 2414 168 2457 S
192 2412 263 2449 XL.
286 2418 430 2462 Appian.
452 2417 566 2451 Punic.
589 2418 711 2451 Zonar.
739 2418 872 2452 Florus.
901 2429 939 2459 2,
964 2430 1017 2461 ις.
1042 2418 1065 2462 S
1087 2417 1174 2451 ΧΗ.
1196 2419 1279 2453 Hist.
1309 2419 1372 2453 mi·

100 2465 191 2503 scell.
216 2480 258 2509 4,
284 2480 334 2503 ω..
357 2469 436 2504 val.
457 2470 551 2504 Max.
577 2482 588 2503 1
608 2496 617 2511 ,
642 2471 693 2503 18.
718 2470 865 2515 Appiae.
