1673 3052
273 209 364 271 278
432 207 525 256 JO.
569 201 1077 253 FREINSHEMII
1099 198 1466 250 SUPPLEMJ

269 324 386 356 ternae
406 311 642 354 crudelitatis
668 310 843 352 illiciens.
884 310 1022 360 Neque
1049 309 1152 360 apud
1179 315 1392 359 occupatos
1414 307 1566 349 animoa

270 377 469 421 Neolaidae
497 377 532 414 &
556 371 816 414 Andromachi
846 371 918 427 (hi
949 371 999 411 ab
1035 373 1181 420 maJ’ore
1213 369 1422 412 Ptolemaeo
1447 370 1566 422 legati

270 439 457 483 aderant)
485 436 655 476 desenfio
681 435 860 475 valebat:
899 446 1064 485 quorum
1093 432 1244 473 senatus
1269 445 1320 472 ne
1345 431 1462 473 verba
1486 431 1572 482 qui-

271 502 361 541 dem
380 501 430 540 ad
445 512 553 539 aures
567 497 775 538 sustinebat
792 498 1007 537 admittere.
1026 495 1103 534 His
1118 495 1225 548 igitur
1244 495 1410 534 continuo
1425 509 1470 533 ex
1490 494 1570 534 urbe

266 563 367 617 juffis
385 564 571 616 discedere,
593 563 701 614 legati
717 563 867 614 quinque
891 560 1033 600 decreti
1057 557 1146 597 sunt
1160 587 1172 605 ‚
1188 570 1351 608 quorum
1373 557 1570 608 principes

272 628 345 667 Cn.
361 625 513 667 Merula
525 656 538 674 ,
549 626 589 666 L.
607 625 802 665 Thermus
815 623 946 663 fuere:
963 621 1127 675 totidem
1143 619 1188 659 iis
1205 619 1370 659 decretae
1385 618 1572 669 quinque-

271 702 408 738 remes,
428 689 590 738 dataque
607 688 805 732 mandata,
821 686 873 724 uti
895 685 1118 724 Ptolemaeum
1131 683 1170 720 in
1189 683 1296 735 Cypri
1308 694 1446 734 regnum
1462 681 1570 719 dedu.

270 764 393 792 cerent.
426 746 623 802 Scriptum
635 752 751 789 etiam
775 748 919 789 Graecis
944 749 979 787 ἃ
1004 744 1172 786 Afiaticis
1188 742 1323 792 sociis,
1343 742 1437 782 nihil
1451 755 1574 782 contra

270 817 491 856 voluntatem
512 815 658 869 senatus
680 813 864 866 fabianos,
884 812 921 862 st
947 824 987 848 eo
1015 810 1054 847 in
1090 808 1230 862 negotio
1252 807 1416 846 minorem
1444 805 1572 845 Ptole-

273 892 392 916 maeum
413 876 639 928 adjuviffent.
674 875 855 915 Ceterum
881 880 1039 912 eventus
1064 871 1157 912 belli
1180 883 1251 922 pro
1277 870 1424 919 majore
1446 865 1573 908 Ptole-

274 953 374 979 maeo
404 939 491 979 fuit.
524 938 587 988 qui
623 939 663 977 in
692 937 864 988 Cyprum
898 948 1038 986 magno
1072 947 1162 974 cum
1188 932 1363 973 exercitu
1385 929 1570 977 veniens,

272 1002 398 1053 primo
429 1001 632 1048 Archiam,
665 999 890 1051 praefeftum
917 998 1051 1045 suum,
1085 997 1151 1046 qui
1180 994 1379 1035 Demetrio
1406 989 1572 1032 insulam

267 1054 438 1114 'prodere
461 1060 657 1108 voluerat,
690 1060 859 1100 honores
885 1062 988 1111 apud
1019 1058 1144 1110 ipsum
1177 1058 1365 1105 eximios,
1389 1058 1424 1096 &
1453 1056 1573 1107 quin·-

276 1135 388 1174 genta
414 1122 569 1173 insuper
602 1121 748 1161 talenta
773 1125 907 1173 paetus
924 1153 936 1169 .,
958 1121 1116 1161 amovit.
1143 1120 1286 1160 deinde
1308 1132 1400 1158 cum
1430 1118 1574 1165 fratre,

276 1184 341 1235 qui
370 1182 580 1222 multorum
607 1183 810 1231 instruitus
842 1182 993 1222 auxiliis
1030 1190 1273 1228 occurrerat,
1300 1177 1440 1232 proelio
1476 1190 1574 1218 con-

276 1246 442 1298 gressus,
468 1246 617 1285 vietum
647 1245 686 1284 in
710 1245 846 1285 urbem
870 1243 1076 1296 Lapitham
1107 1243 1320 1294 compulit:
1348 1240 1574 1282 necestitate

277 1308 420 1347 deinde
442 1307 490 1346 ad
519 1307 757 1346 deditionem
777 1309 955 1346 coac‘tum
972 1337 982 1352 ,
1004 1319 1081 1345 non
1109 1306 1228 1345 modo
1250 1303 1392 1344 dimisit
1415 1301 1572 1343 incolu-

277 1381 406 1416 mem,
430 1366 495 1407 sed
521 1367 637 1406 etiam
668 1366 815 1417 Libyen
841 1366 1084 1417 Cyrenesque
1112 1379 1275 1417 regnum
1303 1365 1475 1405 reddidit
1501 1365 1535 1405 ei
1556 1378 1567 1404 :

281 1443 350 1482 pro
375 1430 504 1480 Cypro
529 1428 644 1467 urbes
665 1427 875 1477 quasdam,
898 1429 933 1467 Sc
958 1427 1146 1468 frumenti
1166 1428 1284 1467 annui
1307 1436 1457 1467 certum
1482 1420 1573 1466 affi-

277 1493 407 1544 gnavit
434 1491 623 1539 modum3
658 1491 776 1530 etiam
810 1490 898 1530 filiae
929 1489 1005 1530 suae
1035 1491 1325 1530 matrimonium
1363 1489 1572 1542 pollicitus.

280 1556 377 1604 Quae
398 1555 539 1604 partim
571 1552 718 1603 ingenii
744 1551 1036 1592 mansuetudine
1055 1552 1184 1592 fecisse
1201 1553 1390 1601 creditus,
1413 1551 1572 1594 laudem

282 1617 430 1657 invenit
457 1617 561 1668 apud
586 1616 809 1666 scriptores;
833 1615 997 1666 partim,
1022 1622 1065 1654 ut
1088 1622 1246 1666 putant,
1268 1616 1357 1666 quia
1377 1615 1575 1656 Romanos

281 1680 506 1729 metuebat⁷
520 1680 545 1719 fi
569 1679 661 1731 quid
686 1679 726 1719 in
748 1679 925 1727 fratrem,
945 1691 1059 1729 quem
1078 1679 1333 1730 protegebant
1361 1678 1442 1728 illi,
1464 1679 1574 1723 seve-

279 1743 355 1782 rius
388 1743 577 1781 statueret.
614 1741 671 1782 Ita
710 1740 928 1791 compositis
964 1740 1283 1791 AEgyptiacorum
1311 1753 1445 1791 regum
1472 1753 1574 1781 con-

280 1804 492 1851 troversiis‚
517 1805 640 1856 Afiam
662 1805 776 1842 adhuc
799 1804 916 1840 ardere
938 1801 1052 1849 hello,
1074 1803 1269 1854 Przflioeque
1287 1802 1432 1855 injuriis
1450 1791 1576 1841 Attal}

278 1883 417 1920 regnum
439 1868 632 1920 devastari,
647 1866 780 1905 reveri]
804 1865 984 1915 Pergamo
1008 1864 1121 1916 legati
1140 1865 1423 1905 renuntiabant.
1446 1866 1574 1916 Quip-

279 1942 327 1981 pe
360 1930 519 1977 l’rulias‚
543 1941 679 1980 parurn
707 1940 753 1967 eo
774 1927 945 1974 territus,
973 1927 1078 1976 quod
1107 1939 1164 1966 res
1188 1925 1304 1967 Attali
1331 1926 1478 1966 senatui
1504 1940 1574 1976 po-

279 1993 448 2043 puloque
468 1994 643 2032 Romano
669 1991 777 2030 cordi
797 1991 871 2029 effe
894 1989 1101 2037 audiebat,
1119 1988 1215 2028 nihil
1241 1990 1291 2029 ad
1315 1990 1568 2030 evertendum

280 2068 369 2092 erun
407 2053 595 2092 violentiae
624 2052 870 2101 fraudisqne,
898 2051 993 2090 nihil
1023 2051 1071 2090 ad
1106 2050 1394 2102 despiciendam
1419 2050 1573 2105 senatus

281 2117 545 2156 aue-‘toritatem
570 2114 890 2154 contumeliarum
911 2114 1043 2163 reliqui
1068 2113 1222 2154 fecerat.

335 2178 530 2218 XXXIII.
569 2178 667 2216 Cum
700 2177 801 2215 enim
831 2189 852 2214 a
885 2177 924 2217 L.
959 2176 1161 2215 Hortensio
1193 2175 1402 2227 ceterisque
1432 2175 1569 2226 lekatis

280 2240 439 2288 nostris,
473 2239 617 2278 bellum
651 2252 740 2278 curn
769 2238 923 2286 Attalo,
947 2237 1081 2289 populi
1113 2238 1278 2278 Romani
1316 2237 1422 2277 socio
1453 2247 1571 2288 atque

284 2302 434 2348 amico,
454 2313 584 2351 gerere
595 2310 810 2349 vetaretur,
823 2313 955 2352 parere
977 2308 1165 2352 gravatus,
1182 2301 1231 2340 ad
1250 2299 1570 2352 disceptationem

329 2419 349 2467 Ε
376 2427 518 2461 XXXII.
546 2429 731 2462 Athena-us
759 2430 781 2461 1.
809 2441 859 2462 12.
884 2428 1002 2473 Polyb.
1024 2438 1175 2473 excerpt.
1204 2428 1318 2472 Legat.
1348 2439 1409 2471 132
1436 2428 1469 2462 ὅ(
1492 2438 1570 2471 133.

283 2473 399 2514 Polyb.
419 2486 470 2513 ap.
485 2474 595 2507 vales.
620 2474 736 2506 Sunlas
753 2475 785 2506 in
803 2474 890 2507 Ptol.
913 2473 1031 2508 Euseb.
1056 2474 1158 2508 Diod.
1171 2485 1226 2519 ap.
1241 2472 1356 2509 Vales.
1377 2473 1455 2506 Liv.
1478 2473 1568 2518 Epir.

285 2518 408 2554 zonat„
432 2518 514 2558 Just.
535 2520 633 2556 Prot.
658 2530 713 2565 30.
734 2531 762 2552 c.
784 2529 839 2564 33.
