1673 3052
329 172 409 220 IN
451 170 620 219 LOC.
665 171 800 217 LIB.
847 170 896 217 L.
958 168 1102 215 LIV.
1291 181 1384 230 359

110 293 185 333 que
198 294 215 331 ς.
232 293 348 333 penes
372 280 564 331 legitimos
590 290 681 319 vero
713 277 921 325 thesauros,
955 278 989 317 &
1013 273 1235 326 vectigalia,
1260 275 1297 314 δε
1320 285 1385 313 re-

108 347 216 396 gium
242 357 384 385 nomen
410 343 668 383 communiter
699 341 771 381 effe
799 341 946 380 voluit:
975 338 1125 379 seorsim
1148 346 1301 385 autem,
1328 337 1386 376 uti

109 405 293 457 cuiusque
310 404 705 455 moribuscongruum
724 403 927 443 videbatur
940 433 951 451 ,
971 400 1162 452 Micipsae,
1185 401 1246 439 cui
1264 412 1386 439 annu.

108 464 196 505 lum
213 475 322 516 pater
342 466 506 505 moriens
525 465 684 505 dederat
704 466 927 518 (maximus
947 464 978 503 is
998 472 1110 511 natu,
1134 464 1170 502 ἃ
1186 461 1289 512 pacis
1305 468 1386 500 erat

109 530 273 580 amans)
301 529 446 570 Cirtam
473 541 563 568 cum
589 528 713 578 regia,
738 526 1063 577 veeiigaliumquc
1090 524 1384 571 tractationenu

111 590 384 641 Guluffae„viro
408 589 583 636 militari,
601 590 704 640 pacis
725 591 760 629 &
776 588 868 628 belli
883 588 1080 627 arbitrium
1094 601 1106 635 ;
1121 585 1388 636 Manastabili,

107 653 162 694 ob
188 654 403 693 Graecarum
423 652 620 693 artium&
634 652 784 702 justitiae
805 650 970 690 studium
984 681 997 698 ,
1014 649 1160 700 judicia
1185 648 1304 688 dedit.

164 722 283 763 XIX*
310 721 579 762 Revertentem
602 721 662 761 adv
680 720 800 760 castra
824 719 1046 770 Scipionem
1074 718 1199 757 statim
1230 715 1386 757 Guluffa

110 795 202 824 cum
228 784 397 835 equitatu
425 782 634 824 Numidico
666 781 816 821 secutus
842 778 919 821 est?
937 782 1017 831 J'am
1039 780 1143 819 enim
1173 779 1298 818 hiems
1325 791 1389 817 re-

109 845 245 895 miffa,
263 859 346 896 quae
367 842 724 896 neque-longiffima
744 841 800 881 isti
823 840 945 890 coelo,
970 853 1094 891 neque
1111 840 1293 879 acerrima
1312 838 1394 878 effe>

109 908 228 958 filet,
257 908 370 948 rebus
393 907 568 958 gerendis
596 905 924 957 opportunitatem
945 910 1157 955 aperuerat.
1182 902 1390 942 Praesertim

108 966 287 1010 adversus
304 968 490 1009 Phamaeae
510 967 741 1006 incurfiones
766 979 950 1017 magnum
973 963 1156 1004 auxilium
1175 963 1213 1002 in
1232 962 1395 1003 Gulussa

109 1032 208 1072 fuit:
231 1033 341 1081 cujus
361 1030 507 1081 equites
530 1028 694 1080 equique
706 1039 778 1067 nec
798 1027 972 1075 audacia,
987 1038 1058 1064 nec
1077 1024 1260 1076 patientia
1275 1023 1389 1062 hosti-

108 1094 214 1135 libus
231 1094 449 1142 inferiores,
472 1105 552 1132 non
575 1092 701 1130 minus
730 1090 811 1141 apti
838 1089 888 1128 ad
919 1088 1183 1128 disturbandas
1210 1085 1361 1126 infidias
1374 1116 1396 1134 ,,

110 1169 229 1207 quam
253 1156 303 1195 ad
323 1155 518 1195 struendas
538 1152 593 1192 illi
619 1159 737 1191 erant.
762 1152 818 1190 lta
833 1149 974 1197 multa,
995 1162 1079 1199 quae
1103 1150 1144 1187 in
1167 1156 1273 1199 parte
1292 1148 1390 1187 Car-

110 1218 409 1270 thaginienfium
431 1217 606 1265 fuerant,
621 1215 766 1266 oppida
785 1220 1027 1265 expugnata3
1046 1211 1166 1251 multa
1189 1210 1395 1250 voluntate¹

109 1279 366 1320 incolentium
383 1309 395 1327 ‚
420 1279 589 1318 maxime
613 1290 681 1328 per
707 1276 927 1327 Scipionem
943 1306 955 1324 ‚
989 1283 1144 1324 recepta
1182 1272 1280 1312 funt.
1312 1271 1388 1313 Sed

111 1341 278 1382 aliorum
307 1341 467 1381 obscura
491 1340 544 1379 est
569 1338 777 1387 memoria;
811 1338 972 1388 Tezagae
1000 1334 1390 1386 urbisvexpugnatio-

110 1418 203 1445 nem
227 1403 440 1444 occisorum
463 1410 739 1453 captorumque
761 1412 941 1440 numerus
959 1399 1139 1440 illustrem
1160 1398 1264 1437 fecit.
1285 1397 1390 1437 Duo-

114 1468 244 1519 decim
270 1468 375 1506 enim
401 1465 587 1506 Afrorum
614 1464 813 1504 interfecta
835 1463 888 1503 ibi
908 1462 1046 1510 millia,
1068 1461 1131 1500 sex
1154 1468 1267 1510 capta
1292 1460 1390 1498 refe-

110 1535 256 1567 runtur.
269 1526 369 1567 Urbs
380 1526 420 1565 in
433 1534 576 1565 navatae
591 1538 716 1576 operae
727 1524 924 1574 praemium
938 1522 1151 1573 diripienda
1164 1520 1276 1561 militi
1289 1521 1391 1562 data.

164 1597 256 1639 XX.
276 1596 500 1638 Maximum,
529 1595 670 1634 deinde
700 1591 924 1643 Carthagini
951 1590 1189 1642 praesidium,
1212 1586 1387 1629 Himilco

113 1659 331 1707 Phamaeas‚
354 1657 511 1697 consilio
533 1657 723 1708 Scipionis
747 1656 959 1695 ademtum.
983 1653 1062 1694 Sub
1083 1653 1187 1692 idem
1210 1661 1384 1701 tempus,

113 1732 207 1761 cum
227 1721 325 1761 forte
344 1721 478 1772 ingens
499 1718 698 1770 tempestas
721 1718 855 1758 oborta
880 1716 992 1765 esset,
1016 1715 1109 1754 hinc
1121 1714 1277 1764 Scipio,
1293 1712 1395 1752 inde

111 1783 330 1829 phamas,
350 1782 423 1822 suis
447 1781 602 1833 quisque
624 1780 748 1819 castris
773 1777 923 1829 egressi,
940 1778 993 1817 ita
1012 1776 1076 1816 fibi
1093 1784 1237 1815 mutuo
1252 1787 1389 1815 occur-

112 1852 317 1891 rerant,ut
335 1843 436 1883 invia
457 1841 564 1882 vallis
586 1843 783 1891 interjecta
803 1839 1152 1891 conspeetumnon
1181 1838 1388 1885 adimeret,

116 1904 302 1945 facultate
333 1903 501 1943 invicem
533 1901 697 1941 laedendi
726 1901 886 1941 minime
917 1898 1103 1950 permili'a.
1146 1907 1230 1938 tum
1259 1898 1390 1947 Scipio

116 1966 228 2006 solita
253 1965 515 2017 providentia,
545 1976 595 2003 ne
619 1963 712 2013 quid
739 1962 956 2003 insidiarum
979 1973 1095 2011 porro
1122 1959 1393 2000 absconditum

115 2026 232 2074 esset,
259 2026 380 2066 tribus
407 2026 565 2065 omnino
592 2025 797 2064 comitatus
826 2022 1061 2074 speculatum
1088 2021 1276 2074 proceffit.
1303 2022 1392 2062 Hoc

115 2087 378 2128 animadverso
407 2084 598 2128 Ph'amaeas
625 2099 712 2125 cum
738 2085 917 2125 fidissimo
946 2086 1160 2126 amicorum
1195 2092 1333 2122 contra
1356 2081 1399 2120 se·

119 2149 210 2189 tulit
233 2149 404 2188 obvium.
443 2149 545 2188 unde
570 2148 699 2199 Scipio
722 2148 762 2187 in
787 2146 1027 2197 colloquium
1058 2139 1183 2185 tenire
1209 2144 1312 2185 velle
1330 2143 1392 2182 vi-

118 2224 205 2251 rum
220 2210 446 2261 suspicatus,
463 2212 498 2250 &
513 2211 605 2262 ipse,
620 2209 758 2250 relictis
782 2208 934 2249 duobus
947 2239 959 2257 ‚
974 2220 1061 2247 cum
1077 2220 1155 2247 uno
1170 2207 1311 2245 comite
1328 2205 1396 2244 ad-

121 2274 319 2325 equitavit.
345 2273 405 2314 Ex
429 2272 628 2314 intervallo
653 2272 814 2323 deinde,
834 2271 936 2312 unde
963 2270 1109 2322 percipi
1131 2281 1210 2310 vox
1227 2276 1393 2320 poterat,

166 2421 188 2456 S
211 2420 334 2453 XVIII.
358 2419 435 2456 Liv.
454 2419 543 2465 Epit.
570 2419 693 2453 Zonar„
719 2419 740 2463 5
765 2418 858 2457 xlx,
878 2418 1022 2462 Appiam
1048 2417 1129 2450 Liar.
1149 2416 1238 2460 Epit,
1259 2413 1385 2449 Zona-r,

121 2463 224 2499 Oros.
255 2476 299 2507 4,
329 2475 386 2499 22.

1075 2514 1108 2558 Z
1131 2531 1163 2571 4·
