1673 3052
270 178 816 242 HisTORmRUM
854 191 974 239 Lm.
1011 191 1151 238 XLu.
1306 205 1360 252 31

68 303 273 367 politus:
297 300 539 349 duodecim
559 317 613 346 ex
633 298 783 346 Sicilia
802 299 954 346 miffae.
987 299 1060 345 Ad
1089 298 1367 344 frumentum

66 376 200 425 -claffi
232 375 540 438 exercituique
576 373 875 420 coemendum
908 373 956 417 in
988 371 1199 434 Apuliam
1232 369 1370 415 Cala-

72 448 312 512 briamque
330 459 421 494 tres
438 445 572 509 legati
590 445 702 491 miffi
714 480 728 503 ,
751 445 850 490 Sex.
868 443 1095 506 Digitius,
1123 443 1179 490 T.
1197 443 1370 489 Juven-

78 523 196 578 fius,
229 524 292 568 M.
318 520 545 568 Caecilius.
581 519 653 564 Ad
681 518 835 564 omnia
862 528 1110 579 praeparata
1141 517 1228 563 Cn.
1254 514 1370 562 Sici-

77 594 180 657 nius
202 610 398 657 praemr,
426 589 659 655 paludatus
678 607 736 637 ex
762 589 873 636 urbe
894 588 1121 652 profec'hls
1137 625 1152 648 ‚
1174 589 1370 635 Brundi-

72 666 192 715 fium
212 667 356 715 venit.

71 764 102 786 ς,
151 740 367 787 XXVIII.
396 739 532 786 Exitu
563 753 710 801 prope
742 735 849 783 anni
879 736 934 784 C.
960 735 1179 799 Popillius
1214 734 1372 783 consul

81 814 278 860 Romam
297 812 429 860 rediit
457 812 692 876 aliquanto
724 810 886 868 serius,
912 828 1046 874 quam
1071 811 1244 857 senatus
1263 827 1373 858 cen-

82 887 250 934 suerat:
268 886 340 933 cui
357 886 507 948 primo
526 901 709 948 quoque
729 896 936 946 tempore
957 884 1231 948 magistratus
1251 901 1372 931 crea-

83 959 151 1018 ri,
171 976 273 1006 cum
291 969 463 1004 tantum
490 958 660 1004 bellum
678 957 958 1016 immineret,
978 958 1138 1018 jussum
1158 971 1265 1006 erat.
1290 963 1374 1006 Ita-

79 1048 174 1095 que
202 1048 299 1079 non
329 1029 532 1077 secundis
563 1028 747 1074 auribus
767 1030 946 1075 Patrum
974 1029 1149 1076 auditus
1176 1029 1238 1076 est
1258 1047 1375 1077 con-

86 1105 177 1165 sul,
205 1122 308 1173 cum
330 1105 380 1151 in
407 1104 500 1152 aede
519 1103 722 1149 Bellonae
750 1103 804 1149 de
828 1103 960 1150 rebus
981 1103 1028 1149 in
1048 1104 1283 1168 Liguribus
1303 1123 1377 1169 ge-

86 1179 164 1242 stis
194 1178 431 1225 differeret.
462 1176 832 1224 succlamationes
860 1177 1118 1241 frequentes
1144 1192 1270 1227 erant
1303 1182 1377 1227 in-

77 1249 510 1314 .terrogati0nesque
530 1285 543 1307 ‚
575 1267 656 1296 cur
675 1248 837 1297 scelere
867 1249 1015 1297 fratris
1044 1254 1277 1315 oppreffos
1302 1256 1378 1300 L}-

77 1341 221 1388 .g-ures
253 1324 301 1370 in
327 1325 577 1371 libertatem
598 1340 694 1370 non
717 1324 1007 1373 restituisset?
1036 1327 1236 1374 Comitia
1266 1346 1379 1376 con-

88 1397 248 1445 iii'laria
266 1390 287 1457 ‚⁶
301 1398 348 1444 in
369 1415 503 1461 quam
523 1398 663 1444 ediGta
683 1411 811 1444 erant
829 1398 944 1445 diem
967 1435 980 1457 ‚
999 1413 1101 1446 ante
1121 1401 1239 1449 diem
1259 1404 1378 1449 duo-

87 1472 315 1521 decimum
336 1470 562 1519 Kalendas
583 1472 766 1518 Martias
795 1472 895 1518 sunt
914 1473 1076 1521 habita.
1097 1476 1248 1523 Creati
1270 1495 1379 1524 eon-

19 1588 23 1592 ,
83 1545 237 1610 sules,
274 1546 321 1592 P.
359 1544 558 1592 Licinius
590 1545 798 1603 Crassus,
840 1547 894 1593 C.
928 1547 1102 1594 Caffius
1133 1550 1379 1613 Longinus.

90 1617 280 1666 Postero
311 1618 381 1664 die
404 1628 620 1680 praetores
642 1617 746 1664 faffi
762 1654 776 1675 ‚
810 1619 864 1665 C.
885 1619 1108 1681 Sulpicius
1129 1623 1273 1669 Galba
1288 1660 1302 1682 ,
1333 1626 1380 1670 L.

82 1690 253 1738 vFurius
289 1690 468 1747 Philus,
494 1692 543 1736 L.
570 1691 816 1752 Canuleius
847 1691 1024 1750 Dives,
1062 1695 1117 1741 C.
1147 1697 1383 1743 Lucretius

93 1763 285 1821 Gallus,
318 1763 373 1810 C.
407 1761 629 1809 Caninius
662 1763 876 1821 Rebilus,
912 1766 960 1811 L.
988 1764 1150 1827 Villius
1180 1770 1381 1818 Annalis.

95 1837 178 1884 His
206 1835 478 1899 praetoribus
503 1835 760 1898 provinciae
792 1834 1009 1884 decretae:
1045 1839 1145 1886 duae
1163 1839 1260 1902 jure
1281 1843 1382 1889 Ro-

94 1927 180 1958 mae
209 1910 434 1966 dicendo,
462 1908 700 1978 Hispania,
725 1912 772 1957 &
793 1910 940 1957 Sicilia
957 1947 970 1968 ‚
1005 1913 1055 1959 ὅ(
1073 1914 1271 1962 Sardinia
1290 1953 1302 1973 ‚
1334 1930 1382 1963 ut

82 1983 176 2030 ,uni
201 1983 297 2031 sors
315 1983 484 2048 integra
511 1983 640 2040 effet,
665 2000 758 2046 quo
779 1984 953 2032 senatus
972 1986 1215 2037 censuiffet.
1252 1991 1384 2036 Con-

32 2100 34 2102 .
97 2057 267 2104 sulibus
289 2057 524 2121 designatis
558 2057 802 2120 imperavit
836 2060 1032 2120 senatus,
1069 2075 1148 2120 ut,
1187 2081 1276 2128 qua
1312 2065 1384 2112 (lie

80 2130 626 2194 ⁴magistratuminissent‚
656 2131 810 2179 hostiis
841 2133 1087 2194 majoribus
1108 2137 1191 2183 rite
1217 2140 1385 2187 maein-

99 2205 181 2263 tis,
197 2218 508 2268 precarentur,
521 2216 594 2264 ut,
610 2207 736 2268 quod
753 2206 918 2254 bellum
940 2210 1135 2272 populus
1149 2213 1383 2261 Romanus

99 2277 147 2325 in
166 2279 318 2325 animo
337 2279 520 2325 haberet
541 2295 693 2342 gerere
708 2316 722 2338 ‚
740 2292 791 2326 ut
814 2281 858 2327 id
879 2283 1139 2344 prosperum
1162 2287 1381 2336 eveniret,

100 2351 274 2398 Eodem
295 2351 365 2398 die
383 2353 586 2399 decrevit
603 2352 798 2410 senatus,
815 2355 867 2401 C.
882 2356 1100 2416 Popillius
1123 2359 1282 2404 constal
1315 2360 1383 2405 lu-

100 2421 186 2466 dos
207 2437 286 2482 per
305 2422 397 2468 dies
425 2423 578 2469 decem
599 2425 704 2470 Jovi
736 2426 914 2485 optimo
935 2429 1136 2473 maximo
1159 2444 1385 2487 voveret,

93 2492 312 2559 donaque
337 2495 453 2544 circa
486 2496 641 2544 omnia
662 2498 920 2561 pulvinaria
942 2501 1034 2547 clari
1049 2536 1063 2561 ,
1090 2502 1120 2549 li
1141 2502 1384 2566 respublica
