1673 3052
296 224 386 273 194
640 203 1204 261 TtTlLtvlt

285 321 340 366 C.
360 313 600 364 Antistium
618 312 903 370 Labeonem,
917 311 974 360 T.
993 312 1246 360 Numifium
1263 303 1569 379 Tarquinien-

286 391 397 448 sem,
424 393 475 434 A.
497 385 763 433 Terentium
779 387 1050 433 Varronem.
1080 389 1127 432 ln
1161 385 1391 450 Illyricum
1413 399 1564 436 autem

284 464 332 510 hi
356 458 601 516 nominati,
633 459 679 504 Ρ.
697 449 836 505 AElius
851 455 987 520 Ligus
1005 457 1282 517 consularis,
1304 460 1358 507 C.
1375 459 1563 508 Cicere-

280 535 379 600 ius,
407 535 456 580 &
479 532 566 579 Cn.
588 530 761 577 Baebius
779 529 1074 592 Tamphilus,
1105 529 1213 593 (hic
1245 524 1397 595 priore
1418 550 1566 592 ann0,

284 603 517 666 Cicerejus
545 602 697 650 multis
721 615 824 649 ante
856 601 984 649 annis
1008 618 1176 666 praetor
1203 602 1376 669 fuerat)
1407 607 1454 653 P.
1473 608 1568 654 Te-

283 679 456 729 rentius
481 675 832 723 Tusciveicanus
850 709 865 730 ‚
895 675 940 720 P.
965 671 1191 722 Manilius.
1221 676 1389 724 Moniti
1405 677 1568 725 deinde

284 750 492 801 consules
522 766 546 796 a
571 747 803 804 Patribus,
833 757 915 804 ut,
941 747 1159 810 quoniam
1192 747 1380 797 alterum
1415 765 1472 797 ex
1498 750 1568 798 his
1610 771 1612 775 ’

284 824 518 874 succedere
549 823 602 869 C.
625 819 834 878 Licinio,
867 819 947 882 qui
974 821 1144 884 legatus
1167 821 1428 870 nominatus
1445 839 1570 883 erat,

281 901 331 950 in
350 897 542 946 Galliam
570 905 830 958 oporteret,
849 893 998 955 primo
1019 910 1203 958 quoque
1230 906 1436 957 tempore
1456 913 1567 959 pro-

281 970 458 1019 vincias
484 980 560 1015 aut
585 977 901 1028 compararent
928 964 1045 1012 inter
1066 965 1135 1024 se,
1167 977 1244 1012 aut
1265 964 1564 1026 sortirentur,

281 1042 430 1093 sortiti
443 1041 554 1088 sunt.
574 1041 637 1086 M.
650 1038 783 1086 Junio
796 1037 904 1084 Pisae
922 1038 1229 1096 obvenerunt,
1244 1040 1399 1102 (quem
1420 1040 1565 1102 prius,

280 1133 418 1182 quam
440 1117 487 1162 in
506 1111 790 1178 provinciam
812 1111 921 1169 iret,
943 1111 1190 1175 legationes
1204 1147 1216 1166 ‚
1240 1129 1343 1175 quae
1363 1113 1564 1177 undique

279 1194 475 1240 Romam
514 1185 781 1252 gratulatum
815 1195 1160 1242 convenerunt,
1195 1184 1482 1234 introducere
1512 1188 1563 1233 in

279 1267 480 1315 senatum
512 1257 713 1324 placuit)
743 1259 805 1318 Q.
825 1256 946 1303 AElio
975 1256 1138 1304 Gallia.
1174 1258 1385 1304 Ceterum
1415 1275 1564 1321 quan-

276 1354 414 1403 quam
443 1334 551 1380 tales
585 1330 673 1378 viri
700 1329 1019 1384 mitterentur,
1049 1344 1245 1397 quorum
1279 1329 1334 1376 de
1366 1330 1562 1378 consilio

276 1408 442 1474 sperari
463 1404 631 1468 posset,
652 1402 939 1464 imperatores
967 1394 1078 1447 nihil
1098 1401 1334 1464 indignum
1363 1419 1448 1450 nec
1467 1405 1563 1452 cle-

278 1482 446 1532 mentia
471 1495 553 1525 nec
570 1476 790 1541 gravitate
809 1474 968 1537 populi
985 1474 1181 1520 Romani
1207 1475 1467 1523 decreturos
1491 1477 1562 1524 es-

277 1558 321 1604 se
337 1593 349 1614 ‚
371 1568 519 1600 tamen
542 1550 588 1596 in
607 1548 756 1594 senatu
779 1563 961 1610 quoque
980 1547 1143 1610 agitata
1169 1547 1231 1594 est
1254 1547 1423 1596 summa
1441 1567 1557 1597 con·-

275 1630 478 1677 filiorum
495 1661 509 1683 ,
535 1635 587 1670 ut
606 1622 818 1670 inchoata
852 1619 1006 1667 omnia
1027 1620 1158 1685 legati
1181 1621 1237 1668 ab
1269 1622 1413 1669 domo
1439 1621 1560 1672 ferre

276 1703 332 1750 ad
359 1701 651 1762 imperatores
673 1694 859 1756 possent.

340 1773 507 1820 XVIII.
539 1772 742 1814 Omnium
760 1771 943 1828 primum
963 1769 1108 1812 liberos
1128 1764 1198 1830 effi}
1228 1766 1432 1828 placebat
1452 1773 1556 1816 Ma-

276 1850 453 1894 cedonas
483 1859 601 1903 arque
635 1843 808 1901 lla’yrios
827 1875 839 1891 .,
870 1856 915 1886 ut
946 1843 1135 1885 omnibus
1166 1843 1352 1901 gentibus
1381 1860 1555 1903 appare-

273 1937 352 1973 ret,
381 1935 498 1961 arma
524 1917 671 1974 populi
696 1914 883 1957 Romani
917 1930 1003 1957 non
1030 1912 1166 1956 liberis
1181 1912 1418 1970 servitutem
1437 1948 1451 1970 ‚
1471 1915 1555 1974 fid

273 2004 416 2036 contra
432 1987 707 2049 servientibus
733 1985 953 2028 libertatem
975 1980 1118 2044 affirre
1130 2001 1151 2037 ,·
1181 2000 1226 2028 ut
1248 1981 1290 2028 δ’
1307 1987 1352 2029 ἰη
1369 1988 1552 2032 libertate

270 2077 406 2125 gentes
435 2077 520 2120 quae
541 2057 684 2120 essent,
710 2072 842 2101 tutam
860 2074 947 2100 eam
953 2055 1041 2119 fibi
1052 2072 1365 2117 perpetuamque
1375 2059 1460 2118 sith
1477 2074 1550 2105 tu-

270 2140 353 2181 tela
374 2135 522 2194 populi
544 2133 731 2174 Romani
749 2128 822 2190 effe
839 2163 851 2185 ‚
874 2126 916 2173 G*
931 2163 943 2185 ,
964 2147 1048 2188 qua:
1059 2130 1145 2187 fidu
1167 2133 1323 2190 regibus
1342 2134 1548 2189 viverent,

199 2229 201 2231 ·
268 2207 313 2254 G*
337 2213 382 2252 itz
407 2206 587 2265 praefi'ns
617 2220 774 2261 tempus
803 2204 984 2247 minores
1018 2220 1085 2246 eos
1099 2203 1359 2267 jzfslioressqae
1378 2204 1547 2263 refpefla

261 2282 412 2343 populi
441 2281 628 2323 Romani
658 2280 796 2322 habere
818 2278 899 2336 fi,
921 2274 1050 2339 69,st
1077 2280 1246 2337 quando
1275 2281 1423 2323 bellum
1453 2298 1547 2324 cunt

264 2358 421 2415 populo
438 2355 632 2398 Romano
655 2348 1075 2412 regibusficlff‘etfids
1089 2386 1100 2407 2
1125 2355 1281 2396 exilum
1306 2352 1393 2407 ejus
1419 2353 1547 2398 νίἑῖο-

269 2430 374 2470 siam
391 2428 622 2479 Romanis,
636 2424 715 2486 fibi
735 2426 955 2468 libertatem
979 2428 1203 2469 allaturum
1225 2426 1431 2470 crederent.
1450 2427 1546 2470 Me-

270 2501 362 2546 talli
396 2517 548 2561 quoque
587 2500 875 2556 Macedonici,
905 2502 1015 2558 quod
1048 2500 1191 2561 ingens
1227 2497 1398 2560 rcc‘ligal
1427 2511 1546 2557 crat,
