1673 3052
291 183 841 232 HISTORIARUM
876 182 992 228 LIB.
1029 181 1175 228 XLV.
1274 196 1367 243 2¹7

85 293 322 343 navalibus
343 291 709 356 terrestribusque
735 290 1006 338 exercitibus
1025 326 1039 347 ,
1061 306 1112 336 ea
1142 288 1273 351 copia
1294 305 1368 335 re-

84 384 212 426 rum,
245 384 296 414 ea
319 367 469 414 vilitas
503 382 725 423 annonae,
752 377 802 410 ut
836 365 885 411 δε
917 364 1134 424 privatis,
1174 364 1222 410 &
1251 361 1370 409 civi-

83 440 271 495 tatibus,
291 442 340 488 &
359 439 566 504 gentibus
583 475 595 493 ‚
615 438 734 484 dona
759 437 860 490 data
877 436 1092 501 pleraque
1117 436 1210 499 ejus
1231 452 1369 500 gene.-

85 515 146 561 ris
180 514 265 560 fint
289 514 345 560 ab
373 514 674 576 imperatore,
710 527 807 557 non
834 510 880 556 in
916 509 1042 557 usum
1072 512 1216 558 modo
1252 527 1368 572 prae-

83 587 250 634 sentem
265 622 280 645 ,
308 586 382 633 sed
413 587 547 633 etiam
565 584 689 648 quod
707 584 869 631 domos
890 584 1150 630 aveherent.
1185 584 1368 646 Specta-

84 660 194 707 culo
224 659 310 707 fuit
341 659 414 715 ei,
447 676 547 722 quae
582 669 799 714 venerat,
838 656 980 702 turbae
1012 672 1107 703 non
1142 655 1370 703 scenicum

86 733 227 797 magis
247 732 470 779 ludicrum
484 768 499 791 ‚
517 747 613 778 non
633 729 876 777 certamina
895 729 1155 784 hominum,
1173 740 1249 774 aut
1265 744 1372 774 cur-

86 803 230 852 ricula
258 821 505 869 equorum,
539 819 676 868 quam
703 803 853 865 praeda
872 800 1167 849 Macedonica
1195 799 1372 859 omnis,

85 889 138 924 ut
172 878 422 938 viseretur,
457 875 659 940 exposita
695 876 969 934 statuarum,
1003 874 1372 937 tabularumque,

84 950 308 998 textilium
321 986 336 1011 ,
367 952 418 999 δι
436 950 647 999 vasorum
666 967 720 997 ex
740 967 850 997 auro
872 951 922 997 δε
941 961 1127 1012 argento
1148 950 1197 996 &
1217 963 1302 995 aere
1322 948 1373 994 &

84 1024 228 1072 ebore.
255 1023 474 1071 faflorum
505 1023 677 1088 ingenti
710 1040 816 1070 cura
847 1024 893 1069 in
927 1040 977 1069 ea
1007 1021 1158 1085 regia:
1197 1033 1246 1067 ut
1274 1037 1373 1068 non

83 1095 132 1142 in
161 1096 424 1160 praesentem
456 1099 598 1144 modo
630 1097 848 1159 speciem,
878 1095 1084 1159 qualibus
1112 1093 1276 1140 referta
1302 1109 1374 1139 re-

84 1169 156 1234 gia
188 1170 471 1217 Alexandriae
506 1183 625 1229 erat,
658 1169 768 1217 sed
759 1188 805 1216 m
836 1181 1104 1232 perpetuum
1137 1167 1266 1214 usum
1296 1165 1375 1213 fie-

85 1256 200 1290 rent.
235 1245 375 1302 Haec,
394 1245 453 1291 in
462 1243 662 1291 claffem
652 1260 795 1306 1mpo
783 1242 883 1301 ita,
897 1240 1163 1288 devehenda
1181 1240 1374 1286 Romam

83 1317 170 1363 Cn,
191 1317 392 1364 octavio
412 1319 524 1365 data.
553 1317 761 1373 Paullus,
780 1278 972 1380 benigne
996 1313 1148 1378 legatis
1169 1313 1376 1371 dimiffis,

85 1388 368 1454 transgressus
387 1391 680 1456 Strymonem
697 1426 709 1445 ,
737 1390 859 1434 mille
881 1388 1080 1450 paffuum
1103 1387 1157 1436 ab
1179 1387 1374 1450 Amphi-

85 1463 186 1527 poli
212 1463 351 1510 castra
377 1464 554 1526 posuit:
589 1463 693 1510 inde
728 1462 982 1526 profectus,
1015 1462 1181 1509 Pellam
1206 1461 1372 1525 quinto

87 1537 159 1583 die
197 1538 420 1599 pervenit.
472 1536 805 1600 Praetergreffus
838 1538 994 1582 urbem
1015 1572 1029 1595 ‚
1064 1537 1118 1582 ad
1152 1536 1375 1598 Spelaeum

87 1611 249 1676 (quod
280 1611 482 1677 vocant)
516 1613 705 1659 biduum
732 1625 936 1660 moratus
957 1649 971 1669 ,
997 1613 1043 1658 P.
1065 1611 1298 1668 Naficam,
1325 1612 1376 1657 δε

87 1686 149 1745 Q.
173 1684 417 1731 Maximum
445 1684 585 1732 filium
615 1703 717 1733 cum
746 1700 868 1747 parte
899 1685 1133 1747 copiarum
1154 1684 1209 1729 ad
1228 1684 1376 1745 depo-

85 1757 309 1820 pulandos
333 1758 539 1822 Illyrios,
562 1760 639 1823 qui
662 1760 816 1806 Persea
833 1758 1041 1820 juverant
1061 1758 1207 1843 bello,
1233 1756 1375 1814 mifit,

87 1829 226 1891 jussos
250 1831 305 1877 ad
325 1831 515 1878 Oricum
536 1831 616 1878 fibi
637 1848 907 1879 occurrere:
942 1831 1103 1894 ipse
1053 1867 1066 1888 ‚
1086 1854 1119 1876 r
1101 1831 1270 1892 pirum
1301 1845 1378 1875 tie·

89 1914 186 1949 tens
203 1904 591 1966 ,quintisdecimis
613 1905 762 1952 castris
785 1907 859 1952 1³32
855 1905 1063 1952 7saronem
1085 1904 1309 1967 pervenit.

163 1976 390 2022 XXXIV.
422 1978 555 2023 Haud
585 1977 745 2039 procul
783 1979 885 2025 inde
914 1978 1065 2025 Anicii
1097 1978 1235 2025 castra
1266 1978 1375 2025 abe-

88 2059 203 2095 rant.
237 2049 292 2095 ad
321 2067 456 2114 quem
488 2051 628 2098 literis
655 2051 817 2110 mistis,
847 2069 902 2098 ne
932 2051 1043 2115 quid
1076 2052 1131 2098 ad
1166 2068 1246 2108 ea,
1274 2068 1376 2113 quae

88 2118 274 2180 fierent,
311 2122 827 2186 moveret11r3fincrtutfz
852 2130 1038 2188 praedam
1072 2128 1197 2186 Epiri
1230 2128 1378 2171 civita-

90 2210 197 2248 (ΗΜ,
217 2214 301 2255 quae
320 2199 380 2241 ad
403 2199 549 2258 Persea
578 2198 831 2263 deficiſjknt,
852 2203 1048 2246 exercitui
1075 2198 1250 2262 dediffi’
1273 2198 1375 2243 sub-

89 2265 223 2312 misfis
249 2269 594 2316 centurionibus
615 2271 661 2316 in
686 2272 874 2334 singulas
900 2273 1033 2319 urbes
1050 2307 1063 2329 ‚
1087 2271 1226 2335 quise
1251 2271 1376 2317 dice-

89 2351 191 2384 rent
214 2339 268 2385 ad
295 2341 494 2402 praefidia
521 2343 779 2390 deducenda
812 2344 1007 2401 venifl'e,
1037 2357 1084 2389 ut
1113 2343 1242 2389 liberi
1264 2343 1375 2404 Epi-

91 2426 227 2469 rotae,
259 2415 367 2462 ficut
390 2419 689 2471 Macedones„
720 2418 881 2475 efflent,
904 2419 1044 2464 denos
1069 2416 1296 2479 principes
1317 2432 1374 2461 ex

90 2487 271 2553 singulis
292 2490 511 2557 evocavit
544 2490 836 2538 civitatibus:
869 2490 1030 2552 quibus
1065 2507 1166 2537 cum
1198 2490 1376 2535 denun-
