1673 3052
239 182 331 248 338
400 181 496 229 JO.
544 175 1055 225 FREINSHEMII
1102 173 1472 222 SUPPLEM.

240 288 466 331 cohortibus
501 284 675 326 alacriter
701 281 917 322 intulerunt
940 282 1056 334 figna.
1086 281 1162 322 Sed
1190 281 1230 322 P.
1253 281 1384 332 Scipio
1411 279 1540 321 AEmi-

238 353 389 400 lianus,
415 361 532 400 quem
561 347 601 385 in
627 354 760 396 quarta
788 344 942 396 legione
968 344 1169 384 tribunum
1192 342 1326 382 consul
1353 341 1541 384 Manilius

238 415 475 459 adduxerat,
495 409 631 449 altiore
656 408 815 447 consilio
834 409 889 446 rei
906 407 1177 447 difficultatem
1192 405 1365 455 mensus,
1384 406 1543 446 introire

241 474 330 514 suos
357 472 507 519 vetuit3
536 473 571 510 δε
598 468 725 521 plures
754 468 795 506 in
821 479 947 518 partes
970 466 1110 505 divisos
1138 466 1239 506 circa
1264 479 1418 506 murum
1448 478 1544 505 con-

238 535 381 574 stituit:
408 545 574 583 cumque
594 530 851 582 pellerentur,
885 537 929 568 ut
954 529 1207 579 praeviderat,
1228 529 1394 569 Romani
1410 559 1422 576 ,
1446 529 1548 568 reci-

239 596 374 649 piebat
397 609 489 644 eos,
514 595 742 644 hostemque
777 593 919 645 cupide
955 591 1273 640 incumbentem,
1302 592 1456 642 objecta
1482 604 1546 631 re-

241 660 346 701 centi
371 668 607 713 armatorum
637 671 778 706 manu,
802 671 823 696 a
847 655 1112 707 persequendo
1138 654 1368 695 deterrebat.
1397 654 1469 695 Ista
1484 666 1545 693 res

241 724 414 775 Scipioni
442 725 567 774 prima
582 714 746 770 '‘earum,
773 734 866 771 quas
898 720 948 759 ad
971 718 1242 770 Carthaginem
1273 716 1408 769 gessit,
1428 725 1544 768 pate-

241 787 338 826 fecit
351 786 400 826 ad
416 785 579 837 gloriam
596 785 681 832 iter7
692 784 797 835 quod
813 791 995 824 eventura
1013 782 1153 822 certius
1173 779 1411 831 acutiusque,
1427 791 1545 830 quam

242 849 325 901 ipse
349 847 507 897 consul,
526 847 759 899 providisset.

323 919 462 960 XLIV.
493 920 542 958 At
567 918 765 958 Romanos
791 916 958 968 angebat
985 924 1070 955 tum
1096 915 1361 967 irritirincepti
1390 914 1545 966 pudor,

245 988 331 1022 tum
345 981 418 1021 alia
437 993 517 1019 non
543 992 667 1031 pauca
698 979 965 1017 incommoda.
990 991 1117 1028 neque
1143 979 1249 1017 enim
1270 977 1424 1028 longius
1445 990 1466 1016 a
1488 988 1549 1015 ca-

248 1045 328 1085 stris
359 1044 407 1084 ad
436 1044 560 1082 varios
579 1041 667 1081 usus
694 1039 948 1082 Hasdrubalis
977 1042 1012 1079 &
1042 1039 1227 1078 Phamaeae
1253 1047 1378 1077 metus
1404 1036 1550 1076 sinebat

248 1107 419 1158 digredi:
443 1118 515 1145 nec
532 1104 684 1144 auxiliis
715 1102 914 1144 Mafiniffae
940 1100 1265 1140 sublevabantur:
1291 1102 1325 1140 δε
1349 1099 1550 1140 Marciana

251 1172 383 1220 castra,
399 1169 583 1209 stantibus
600 1170 634 1208 ἃ
653 1164 962 1218 graveolentibus
980 1164 1085 1215 aquis
1108 1163 1296 1214 imposita,
1310 1162 1447 1202 morbo
1465 1170 1549 1201 ten-

248 1234 454 1274 tabantur:
485 1244 609 1282 neque
633 1229 797 1269 liberum
820 1241 866 1267 ex
883 1228 976 1267 mari
1003 1226 1157 1265 cursum
1179 1225 1427 1264 imminentia
1442 1223 1549 1264 urbis

251 1297 396 1337 moenia
424 1294 709 1347 permittebant.
740 1293 835 1333 Haec
861 1292 902 1332 L.
921 1290 1121 1331 Marcium·
1141 1303 1189 1329 ex
1211 1288 1316 1337 loco,
1339 1300 1454 1339 quem
1476 1300 1546 1327 ca-

251 1361 332 1400 stris
362 1368 538 1410 ceperat,
565 1358 606 1396 in
635 1369 740 1395 mare
771 1354 975 1394 transferre
1003 1351 1158 1392 classem
1187 1358 1410 1404 coegerunt.
1455 1350 1548 1391 Car-

250 1422 511 1474 thaginienses
526 1452 538 1469 ‚
555 1419 774 1468 observato,
790 1418 855 1468 qui
877 1430 979 1456 mare
1000 1415 1126 1455 versus
1152 1414 1313 1462 ferebat,
1330 1413 1552 1453 vehementi

251 1497 391 1536 vento,
420 1486 602 1537 scaphas,
626 1483 824 1524 sarmentis
855 1481 1077 1532 stuppisque
1103 1479 1290 1531 repletas,
1312 1477 1381 1519 sub
1408 1478 1551 1525 muris,

257 1553 384 1591 donec
412 1549 531 1589 videri
555 1547 603 1587 ab
629 1545 800 1586 hostibus
819 1558 897 1583 non
923 1551 1123 1594 poterant,
1150 1541 1378 1582 rudentibus
1404 1549 1553 1592 protra-

258 1614 432 1653 hebant:
463 1612 603 1651 deinde
626 1609 692 1648 ubi
714 1610 857 1647 flexere
874 1607 995 1655 smus,
1020 1608 1056 1646 ὁὶ
1075 1608 1155 1655 jam
1177 1605 1218 1644 in
1243 1603 1449 1654 conspectu
1475 1603 1552 1643 Ro-

258 1689 461 1716 manorum
481 1682 609 1721 erant,
634 1671 781 1711 sulfure
804 1682 848 1709 ac
872 1669 958 1719 pice
984 1667 1176 1718 perfusas,
1193 1666 1283 1717 igne
1305 1666 1447 1715 injecto
1463 1677 1554 1704 ven-

258 1739 306 1777 tis
335 1736 602 1787 permiserunt.
640 1736 766 1783 Atque
793 1731 865 1771 illae
885 1731 1060 1771 velorum
1085 1732 1120 1770 δ(
1148 1730 1313 1769 flammae
1339 1728 1488 1778 impetu
1513 1726 1555 1766 in

260 1799 415 1838 claffem
443 1799 662 1838 Romanam
691 1803 890 1834 momento
915 1793 1076 1841 delatae,
1100 1804 1180 1831 non
1209 1791 1263 1830 ita
1289 1789 1420 1828 multis
1452 1787 1553 1828 effu-

261 1862 456 1913 gientibus
481 1860 663 1907 navibus,
683 1868 826 1897 ceteras
856 1856 1084 1896 exusserunt.
1112 1855 1275 1904 jamque
1298 1852 1550 1892 comitiorum

262 1935 418 1977 tempus
439 1925 624 1965 instabat:
654 1937 818 1974 quorum
841 1921 952 1961 causa
975 1920 1216 1972 profesturus
1235 1919 1396 1958 domum
1419 1914 1554 1955 consul

262 1990 435 2031 Marcius
451 2020 461 2037 ,
487 2002 575 2027 cum
600 1988 724 2027 obiter
749 1986 938 2025 maritima
960 1984 1045 2023 loca
1070 1983 1212 2023 vastare
1233 1979 1350 2020 vellet
1365 2010 1375 2028 ,
1397 1977 1550 2017 nullum

266 2051 455 2091 memoria
481 2050 640 2099 dignum
675 2058 857 2086 eventum
884 2044 1048 2092 habuit3
1076 2042 1143 2081 nisi
1178 2041 1282 2092 quod
1310 2038 1554 2091 AEmigurum

266 2116 285 2162 (’
302 2114 401 2152 inter
424 2110 591 2152 Siciliam
617 2113 651 2149 ἃ
680 2110 849 2149 Africam
875 2106 996 2145 insula
1021 2104 1104 2152 est)
1133 2103 1426 2154 praetervectus,
1450 2099 1556 2139 dein-

267 2176 316 2215 de
341 2175 467 2214 subito
488 2173 680 2219 reversus,
705 2173 743 2210 in
770 2170 999 2221 potestatem
1022 2167 1181 2217 redegit.

322 2247 440 2287 XLV.
472 2246 547 2285 Sed
563 2241 916 2295 Carthaginienses,
934 2238 1092 2279 discess'u
1119 2237 1273 2276 alterins
1300 2233 1465 2274 consulis
1490 2233 1557 2272 di-

271 2310 433 2350 midinto
464 2311 603 2348 timore
618 2338 629 2356 ,
650 2305 857 2347 Manilium
882 2303 1004 2343 acrius
1032 2300 1291 2351 audaciusque
1314 2296 1555 2337 infestabant.

321 2437 342 2478 ξ
359 2435 476 2467 XLIII.
491 2435 636 2478 Appian.
652 2434 778 2466 Zonar.
798 2445 825 2465 c.
843 2443 897 2472 47.
913 2431 990 2463 L'w.
1009 2430 1101 2474 Epir.
1116 2428 1218 2462 Oros.
1242 2439 1261 2469 4
1275 2453 1283 2468 ,
1307 2436 1362 2460 22.
1388 2425 1409 2469 ξ
1431 2422 1553 2458 XLIV.

277 2481 425 2525 Appiam.
451 2480 529 2514 Liv.
555 2480 644 2523 Epir.
669 2479 791 2512 Zonar.
812 2479 919 2511 strab.
942 2478 964 2510 l.
987 2485 1038 2517 27.
