1673 3052
257 194 348 243 282
417 176 1444 257 JO.FRE1NSHEM118UPPLssM;

180 299 186 305 '
254 301 465 353 imperator
485 299 677 347 hostiurn,
694 299 730 338 ἃ
753 310 843 337 cum
868 310 915 336 eo
941 296 1004 337 sex
1019 295 1138 336 millia
1162 295 1408 346 ceciderunt,
1423 296 1541 347 &par

254 375 436 402 numerus
469 361 613 400 civium
640 361 906 401 Romanorum
942 359 1174 398 desideratus
1204 359 1268 399 est.
1310 358 1398 399 Dies
1424 358 1542 399 etiam

254 425 336 476 ipsa
361 422 662 479 (Vulcanalibus
690 428 903 473 pugnatum
928 420 1081 472 fuerat)
1103 433 1150 462 ex
1177 434 1223 460 eo
1246 429 1419 472 tempore
1442 420 1544 460 inter

256 494 355 527 atras
381 485 557 526 habetur.
597 484 754 526 Arvacci
781 482 1032 523 Numantiam
1060 495 1104 522 ea
1130 485 1245 523 noete
1268 481 1442 533 digreffi,
1466 495 1545 522 no-

190 549 194 551 ’
255 561 325 589 vos
352 548 602 599 imperatores
627 545 846 587 Ambonem
876 547 911 585 δι
937 545 1155 585 Leuconem
1179 544 1423 584 constituunt.

310 617 538 670 XXXVIII.
557 616 725 663 Consul,
741 615 890 655 refectis
905 615 1058 655 suorum
1079 613 1215 654 animis
1229 644 1240 661 ,
1256 614 1368 653 tertio
1388 613 1468 665 post
1481 613 1544 653 die

257 681 395 721 iterum
415 682 463 720 ad
480 680 627 719 hostem
645 680 768 726 ducit,
787 680 822 718 Sc
835 678 882 717 ad
898 678 968 717 tria
987 676 1107 716 millia
1126 675 1297 728 passuum
1312 674 1360 714 ab
1373 674 1464 715 urbe
1477 688 1546 725 po-

257 746 314 785 nit
339 745 466 784 castra.
493 745 583 794 Quo
601 755 691 781 curn
714 748 932 792 opportune
946 739 1090 780 auxilia
1113 737 1312 781 Masiniffae
1327 738 1444 790 regis,
1457 738 1548 779 Nu-

257 808 371 848 midae
399 806 583 855 trecenti,
601 819 692 844 curn
717 804 851 844 decem
881 802 1094 854 elephantis
1121 800 1380 849 advenissent,
1396 799 1549 851 copiam

256 871 455 923 pugnandi
483 868 653 909 hostibus
676 868 779 907 facit.
825 866 903 917 Qui
927 878 1016 905 cum
1044 867 1079 906 ὃς
1106 864 1172 916 ipsi
1193 863 1374 904 ferociter
1396 875 1548 914 procur-

258 934 409 983 sissent,
442 933 568 972 subito
606 933 772 974 diducitis
811 931 968 971 suorum
1006 930 1228 977 ordinibus,
1262 927 1465 968 collocatas
1497 925 1547 968 ad

258 994 335 1034 hoc
361 1010 381 1036 a
406 1005 514 1046 tergo
540 990 687 1034 belluas
709 993 874 1033 ostendit
896 1004 969 1032 nec
994 991 1255 1042 opinantibus,
1282 989 1440 1038 Hostes,
1457 988 1548 1041 equi

257 1059 406 1109 virique
420 1090 431 1106 ‚
447 1072 550 1097 novo
570 1056 787 1108 spectaculo
805 1055 1024 1102 conterriti,
1042 1053 1158 1094 effusa
1175 1055 1267 1105 fuga
1287 1052 1417 1092 urbem
1432 1049 1548 1102 repe-'-

260 1128 357 1160 tunt.
400 1121 513 1160 instat
547 1120 787 1172 fugientibus
823 1118 985 1167 consul,
1014 1121 1168 1169 jamque
1194 1117 1264 1157 sub
1290 1115 1390 1168 ipsos
1416 1115 1546 1154 muros

259 1186 507 1236 pertinaciter
534 1184 777 1231 certabatur3
807 1195 897 1222 cum
925 1195 1021 1222 unus
1051 1195 1098 1221 ex
1127 1181 1342 1232 elephantis
1369 1179 1454 1219 saxo
1479 1190 1550 1217 ca-

260 1255 331 1299 put
365 1247 535 1295 saucius,
565 1247 712 1298 ingenti
746 1246 915 1302 barritu,
955 1245 991 1285 &
1022 1257 1116 1284 mox
1150 1243 1320 1284 tumultu
1357 1254 1402 1283 ac
1429 1241 1550 1291 strage

262 1309 473 1361 complevit
504 1309 647 1349 omnia.
687 1322 777 1348 nam
805 1309 840 1348 &
867 1307 984 1346 ceteri
1010 1317 1105 1346 voce
1130 1305 1244 1356 hujus
1277 1305 1450 1353 excitati,
1477 1315 1550 1342 eo·

264 1372 354 1411 dem
373 1372 501 1411 furore
520 1371 676 1411 suorum
692 1368 993 1422 perrumpebant
1011 1367 1304 1419 sternebantque
1325 1364 1550 1418 manipulos.

265 1434 519 1482 Numantini,
544 1434 711 1473 contuiti
734 1431 818 1472 haec
845 1445 894 1473 ex
920 1431 1137 1480 moenibus,
1162 1431 1230 1471 ubi
1254 1431 1447 1472 Romanos
1472 1429 1551 1469 im·-

264 1506 401 1549 petum
427 1491 640 1538 belluarum
661 1495 794 1536 solutis
817 1495 1019 1536 ordinibus
1043 1493 1236 1534 declinare
1259 1494 1406 1541 vident,
1428 1505 1553 1532 erum-

263 1569 361 1612 punt
376 1562 496 1611 portis
512 1593 521 1606 ,
544 1557 767 1611 palatosque
790 1558 947 1598 assecuti
960 1590 970 1607 ,
986 1558 1034 1598 ad
1050 1565 1214 1608 quatuor
1237 1556 1438 1596 hominum
1459 1553 1552 1594 mil.-

263 1623 315 1664 lia
331 1656 340 1673 ,
370 1627 403 1665 8<
431 1624 657 1675 elephantos
680 1632 756 1662 tres
781 1622 1039 1661 interficiunt:
1068 1619 1270 1670 multisque
1293 1618 1406 1658 armis
1429 1614 1554 1668 fignif-

265 1700 338 1736 que
370 1685 602 1734 militaribus
637 1684 774 1736 potiti,
805 1696 895 1722 cum
932 1683 1100 1734 tripudio
1135 1681 1190 1721 sui
1213 1678 1330 1720 moris
1361 1678 1400 1717 in
1433 1675 1554 1727 oppi-

266 1748 359 1787 dum
391 1756 662 1796 revertuntur3
692 1759 782 1785 cum
807 1745 975 1797 ipsorum
1011 1745 1164 1796 qu'oque
1191 1743 1268 1782 duo
1294 1741 1412 1781 ferme
1433 1736 1553 1778 millia

266 1811 471 1864 periissent.

324 1875 526 1915 XXXlX.
556 1875 642 1915 Hac
662 1873 817 1914 fortuna
843 1885 922 1911 non
946 1840 1151 1911 insolenter
1173 1869 1226 1909 usi
1249 1867 1394 1916 hostes,
1417 1863 1552 1906 misere

267 1937 415 1987 legatos
442 1940 490 1977 ad
517 1951 652 1988 pacem
681 1938 797 1987 aequis
826 1934 1112 1975 conditionibus
1141 1932 1360 1985 petendam.
1392 1928 1554 1979 respon-

270 2000 351 2040 sum
383 2001 434 2038 est
470 2014 516 2039 ex
549 2001 734 2051 dignitate
764 2000 924 2039 Romani
956 1998 1149 2044 nominis,
1183 2009 1302 2048 ρπειη
1335 1993 1398 2044 nisi
1424 1991 1557 2029 deditis

269 2065 348 2102 dm·
373 2079 443 2102 non
466 2064 572 2116 poli'b.
610 2067 657 2104 Αἰ
683 2062 837 2107 consul
863 2072 902 2101 ut
935 2064 1104 2113 primum
1136 2058 1359 2098 confirmare
1387 2053 1475 2094 suos
1507 2065 1553 2092 ex

270 2125 427 2166 adverso
455 2125 540 2164 cisu
567 2126 717 2175 potuit
739 2127 925 2165 Axenium
950 2125 1084 2164 urbem
1111 2122 1266 2174 petivit,
1284 2119 1348 2159 ubi
1371 2115 1553 2158 Celtiberi

272 2198 560 2226 comnieztuum
584 2189 661 2226 vim
688 2201 863 2238 magnam
889 2193 1113 2236 comportu
1118 2192 1237 2223 erant
1260 2184 1319 2223 Ne
1334 2180 1446 2230 hujus
1466 2178 1555 2229 qui·-

272 2251 360 2290 dem
378 2249 450 2288 loci
475 2249 567 2289 felix
592 2251 828 2301 oppugnatio
848 2249 946 2295 fuit,
970 2245 1261 2296 delidcratisque
1283 2242 1387 2282 haud
1407 2239 1560 2292 paucis,

272 2313 387 2351 ceteri
407 2314 522 2352 noctu
542 2311 578 2351 se
602 2312 642 2351 in
669 2313 783 2351 castra
813 2319 1050 2361 receperunt.
1080 2310 1131 2350 Ex*
1153 2308 1277 2348 eastris
1295 2305 1435 2346 deinde
1455 2315 1556 2354 prce-

272 2375 419 2415 fectum
444 2375 616 2425 equitum
645 2375 806 2416 Bielium
838 2375 959 2423 milit,
987 2381 1028 2412 ut
1053 2385 1073 2411 a
1100 2372 1224 2412 vicina
1249 2368 1415 2421 quadam
1442 2371 1558 2417 gente

322 2516 342 2559 §
371 2513 543 2549 xxxvu.
568 2513 654 2546 rior.
680 2523 711 2553 ι,
738 2500 789 2545 is,
