1673 3052
280 178 372 243 356
439 179 538 226 JO.
572 177 1081 225 FRE1N5=HEM11
1114 127 1460 224 SiJPPLEM.

280 286 347 326 fibi
368 300 488 338 prope
504 285 748 326 Antiochiam
763 284 949 324 struxerat
960 314 974 332 ‚
992 284 1158 324 turribus
1181 288 1343 334 quatuor
1357 283 1570 332 munitam,⁴

280 347 358 388 fine
377 360 468 387 cura
491 347 735 398 negotiorum
755 346 882 398 regni,
899 345 974 385 suis
995 355 1143 385 tantum
1158 345 1420 397 voluptatibus
1435 339 1562 384 inten-‘

279 418 354 449 tus.
385 410 499 450 Unde
520 423 599 448 non
623 409 780 449 materia
806 408 926 459 magis
951 407 1032 447 odii
1055 407 1301 457 hominibus,
1317 419 1434 459 quam
1453 419 1564 448 occa-

276 471 331 511 fio
356 472 586 522 proditionis
607 472 695 512 fuit.
734 473 824 522 Qua
847 470 937 511 usus
959 469 1174 511 Alexander
1202 470 1465 520 Ptolemaida,
1489 481 1564 508 tra-

277 532 458 571 dentibus
472 563 483 582 ,
500 533 565 584 qui
581 535 622 573 in
636 533 808 585 praesidio
833 540 964 582 erant,
984 531 1172 572 militibus
1187 563 1200 582 ,
1223 532 1440 584 occupavit.
1469 532 1580 572 Haec.

278 594 410 635 audita
438 603 640 636 veternum
671 595 868 635 Demetrio
899 594 1115 635 excuffere:
1147 593 1388 645 collectoque
1414 592 1562 645 ingenti

280 657 471 705 exercitu,
499 657 550 696 ad
579 656 867 707 confligendum
896 668 985 695 cum
1017 655 1124 695 hoste
1150 656 1382 706 properavit.
1411 654 1564 704 Judaeo-

279 734 365 760 rum
392 734 438 761 eo
470 729 643 772 tempore
671 733 764 772 gens
799 721 943 760 ducum
970 719 1322 760 suorumvietoriis
1348 732 1396 759 ex
1419 732 1561 771 magno

280 791 501 832 contemtu,
524 785 564 823 in
588 783 734 824 famam
757 783 905 822 virtutis
931 784 967 823 ἃ
992 783 1083 823 fidei
1108 782 1147 822 se
1171 782 1444 822 vindicaverat.
1468 794 1560 832 ergo

277 843 536 894 Jonathanem
554 845 604 900 (is
626 854 712 886 tum
735 855 895 897 praeerat
918 846 1040 900 genti)
1057 846 1191 886 amicis
1213 845 1332 885 literis
1345 844 1562 885 Demetrius

280 908 329 948 ad
345 906 529 947 auxilium
540 916 673 949 vocat:
691 910 727 948 &
740 908 912 948 oblivisci
926 917 1173 960 acceptarum
1185 922 1207 949 a
1221 909 1562 961 Syrisinjuriarum

279 970 402 1020 jubet.
424 972 654 1013 Praevaluere
671 972 880 1015 Alexandri
894 974 1087 1025 promissa,
1101 975 1182 1025 qui,
1198 972 1315 1013 nullis
1331 971 1466 1013 exosus
1483 985 1563 1013 ma-

275 1032 435 1083 leficiis,
462 1035 661 1085 proniores
686 1035 736 1074 ad
753 1036 988 1076 credendum
1012 1035 1080 1076 fibi
1101 1036 1253 1076 animos
1277 1035 1484 1076 invenerat.

340 1106 450 1146 XIII.
483 1107 659 1147 Tandem
687 1119 775 1147 cum
802 1106 959 1148 summis
986 1117 1145 1160 uterque
1168 1108 1309 1148 viribus
1335 1107 1411 1148 sese
1443 1120 1565 1148 arma-

279 1167 435 1214 vissent,
460 1168 596 1219 proelio
616 1169 840 1219 commisso,
857 1183 998 1222 anceps
1016 1171 1182 1222 primum
1203 1171 1385 1218 victoria,
1407 1169 1561 1220 deinde,

280 1231 442 1270 cadente
462 1231 680 1279 Demetrio,
706 1240 789 1271 tota
811 1233 849 1271 in
870 1242 978 1282 parte
1003 1233 1208 1275 Alexandri
1234 1233 1321 1273 fuit.
1343 1233 1444 1273 Nam
1470 1233 1562 1272 dex-

280 1301 381 1331 trum
404 1293 585 1332 Demetrii
610 1305 728 1332 cornu
748 1295 798 1333 ita
823 1291 1022 1350 splen-dide
1036 1297 1199 1345 vicerat,
1216 1294 1477 1347 ut'oppofitris
1493 1293 1564 1334 fibi

281 1354 406 1395 hostes
431 1370 509 1396 non
526 1358 644 1396 modo
660 1367 869 1406 averteret,
887 1371 931 1398 ac
955 1360 1021 1399 diu
1039 1357 1347 1417 persequeretur-7
1361 1358 1426 1399 sed
1443 1360 1562 1398 etiam

281 1420 398 1459 castra
419 1429 529 1471 capta
553 1420 745 1472 spoliaret.
772 1429 811 1461 at
833 1422 872 1460 in
886 1416 992 1463 ‘laeva
1015 1424 1097 1463 acie
1118 1423 1333 1464 Demetrius
1361 1421 1564 1474 superaba-

279 1489 363 1529 tur,
386 1481 539 1520 suorum
561 1482 735 1533 ignavia:
760 1496 847 1522 nam
873 1484 939 1535 ipfi
957 1485 1006 1524 ad
1024 1484 1380 1525 extremumvirtus
1395 1485 1430 1523 δι
1445 1481 1562 1522 robur

278 1543 395 1582 animi
417 1542 615 1593 superfuit.
630 1543 932 1594 Diffugientibus
952 1545 1077 1595 enim,
1094 1547 1262 1596 quicum
1283 1544 1364 1596 ipso
1383 1542 1560 1592 fuerant,

278 1606 476 1646 fortiffime
501 1620 675 1658 pugnans
695 1606 798 1646 haud
823 1619 966 1658 paucos
987 1607 1202 1647 interfecit:
1229 1607 1355 1646 donec
1378 1604 1473 1645 alios
1489 1604 1563 1643 im-

279 1678 413 1720 petum
444 1671 526 1719 ejus
557 1663 796 1709 declinantes
820 1670 1031 1717 insecutus,
1064 1683 1163 1720 equo
1187 1670 1229 1709 in
1252 1667 1480 1720 paludosum
1505 1665 1562 1705 lo-

280 1745 370 1771 cum
392 1733 548 1781 adacto,
565 1732 755 1783 explicare
770 1732 806 1771 se
827 1739 905 1772 non
924 1733 1064 1783 potuit.
1077 1733 1181 1772 Tum
1203 1730 1349 1779 reversi,
1363 1729 1428 1780 qui
1447 1727 1562 1766 ceffe-

279 1804 605 1844 rant‚regemque
628 1795 706 1842 jam
728 1793 898 1843 peditem
923 1792 1239 1832 circumsistentes
1253 1822 1265 1840 ,
1286 1788 1469 1839 conjeetis
1491 1800 1563 1826 un-

281 1856 397 1906 dique
417 1856 501 1895 telis
522 1869 600 1896 non
620 1856 781 1907 segniter
800 1856 837 1895 se
853 1855 1127 1896 defendentem
1150 1851 1372 1894 obruerunt.
1394 1851 1472 1891 Hic
1486 1849 1565 1889 exi-

279 1926 339 1956 tus
360 1917 553 1957 Demetrio
577 1918 672 1966 fuit,
691 1918 942 1957 undecimum
966 1930 1111 1956 annum
1134 1917 1238 1968 Syris
1259 1913 1480 1965 imperanti.

335 1988 439 2029 XIV.
456 1988 679 2036 Alexander,
704 1991 817 2030 dueta
836 1990 874 2028 in
899 2002 1058 2028 uxorem
1080 1987 1273 2029 Ptolemaei
1289 1983 1558 2026 philometoris

279 2049 380 2098 filia,
412 2049 606 2090 fortunam
639 2051 833 2090 faventem
871 2051 1013 2101 ignavo
1043 2051 1170 2090 animo
1207 2049 1306 2089 tulit.
1356 2047 1564 2097 Tanquam

268 2113 383 2161 ,enim
411 2112 654 2163 voluptatum
671 2144 681 2159 ‚
709 2126 787 2152 non
818 2113 965 2151 virtutis
999 2115 1034 2152 ἃ
1059 2112 1188 2162 gloriae
1215 2110 1367 2149 officina
1401 2119 1564 2158 regnum

281 2176 353 2215 ess'e
369 2175 545 2224 deberet,
561 2174 683 2225 segnis
701 2176 735 2214 ἃ
751 2186 883 2212 excors
895 2205 906 2220 ‚
923 2175 1019 2212 inter
1039 2173 1251 2212 scortorum
1267 2172 1420 2222 greges,
1437 2171 1477 2209 in
1498 2181 1565 2219 ga-

283 2252 355 2279 neo
383 2242 415 2277 6(
439 2236 583 2284 lustris,
606 2237 811 2276 Ammonio
835 2236 1013 2282 cuidam,
1033 2235 1179 2274 crudeli
1201 2236 1237 2274 δε
1262 2234 1411 2285 perfido
1435 2231 1561 2270 homi-

281 2302 344 2351 ni,
369 2300 545 2352 permiffa
569 2300 674 2352 regni
700 2299 1045 2349 administratione,
1073 2299 1260 2338 infamem
1286 2298 1404 2337 vitam
1434 2295 1566 2335 transi·

340 2446 360 2487 ς
387 2445 462 2504 ΧΞῙ.
485 2445 608 2491 Polyb.
625 2458 679 2490 ap.
696 2446 820 2480 Athen.
843 2455 902 2485 ιο,
920 2452 971 2479 η.
996 2443 1215 2488 Joseph.,13,
1236 2453 1266 2487 3.
1282 2442 1303 2486 §
1317 2441 1407 2477 xm.
1429 2440 1567 2485 Joseph.

293 2501 327 2531 ι)
380 2501 509 2532 4025.
