<?xml version="1.0" encoding="UTF-8"?>
<!DOCTYPE html PUBLIC "-//W3C//DTD XHTML 1.0 Transitional//EN"
    "http://www.w3.org/TR/xhtml1/DTD/xhtml1-transitional.dtd">
<html xmlns="http://www.w3.org/1999/xhtml" xml:lang="en" lang="en">
 <head>
  <title>
</title>
<meta http-equiv="Content-Type" content="text/html;charset=utf-8" />
  <meta name='ocr-system' content='tesseract 3.04.00' />
  <meta name='ocr-capabilities' content='ocr_page ocr_carea ocr_par ocr_line ocrx_word'/>
</head>
<body>
  <div class='ocr_page' id='page_1' title='image "./historiarumlibri07livyuoft_0174.png"; bbox 0 0 1673 3052; ppageno 0'>
   <div class='ocr_carea' id='block_1_1' title="bbox 272 196 1177 285">
    <p class='ocr_par' dir='ltr' id='par_1_1' title="bbox 272 196 1177 285">
     <span class='ocr_line' id='line_1_1' title="bbox 272 196 1177 285; baseline 0.009 -42"><span class='ocrx_word' id='word_1_1' title='bbox 272 196 363 244; x_wconf 78' lang='lat'><strong>166</strong></span> <span class='ocrx_word' id='word_1_2' title='bbox 615 198 1177 285; x_wconf 46' lang='lat' dir='ltr'>T1T1L1vlff</span> 
     </span>
    </p>
   </div>
   <div class='ocr_carea' id='block_1_2' title="bbox 243 304 1551 2563">
    <p class='ocr_par' dir='ltr' id='par_1_2' title="bbox 243 304 1551 2563">
     <span class='ocr_line' id='line_1_2' title="bbox 263 304 1550 370; baseline 0.009 -21"><span class='ocrx_word' id='word_1_3' title='bbox 263 304 627 370; x_wconf 65' lang='lat' dir='ltr'>pepuleruntque</span> <span class='ocrx_word' id='word_1_4' title='bbox 651 307 817 355; x_wconf 82' lang='lat' dir='ltr'><strong>laevum</strong></span> <span class='ocrx_word' id='word_1_5' title='bbox 840 326 1003 359; x_wconf 85' lang='lat' dir='ltr'><strong>cornu.</strong></span> <span class='ocrx_word' id='word_1_6' title='bbox 1030 314 1078 358; x_wconf 88' lang='lat' dir='ltr'><strong>In</strong></span> <span class='ocrx_word' id='word_1_7' title='bbox 1105 311 1256 359; x_wconf 84' lang='lat' dir='ltr'><strong>medio</strong></span> <span class='ocrx_word' id='word_1_8' title='bbox 1280 311 1468 361; x_wconf 83' lang='lat' dir='ltr'><strong>secunda</strong></span> <span class='ocrx_word' id='word_1_9' title='bbox 1488 312 1550 361; x_wconf 68' lang='lat' dir='ltr'><strong>les</strong></span> 
     </span>
     <span class='ocr_line' id='line_1_3' title="bbox 263 378 1551 449; baseline 0.007 -25"><span class='ocrx_word' id='word_1_10' title='bbox 263 378 344 441; x_wconf 84' lang='lat' dir='ltr'><strong>gio</strong></span> <span class='ocrx_word' id='word_1_11' title='bbox 368 379 554 427; x_wconf 81' lang='lat' dir='ltr'><strong>immiffa</strong></span> <span class='ocrx_word' id='word_1_12' title='bbox 579 381 807 444; x_wconf 83' lang='lat' dir='ltr'><strong>diffipavit</strong></span> <span class='ocrx_word' id='word_1_13' title='bbox 837 383 1114 449; x_wconf 79' lang='lat' dir='ltr'><strong>phalangem.</strong></span> <span class='ocrx_word' id='word_1_14' title='bbox 1149 403 1295 448; x_wconf 85' lang='lat' dir='ltr'><strong>neque</strong></span> <span class='ocrx_word' id='word_1_15' title='bbox 1325 387 1418 435; x_wconf 84' lang='lat' dir='ltr'><strong>ulla</strong></span> <span class='ocrx_word' id='word_1_16' title='bbox 1447 388 1551 435; x_wconf 89' lang='lat' dir='ltr'><strong>evi-</strong></span> 
     </span>
     <span class='ocr_line' id='line_1_4' title="bbox 259 451 1551 524; baseline 0.009 -27"><span class='ocrx_word' id='word_1_17' title='bbox 259 451 444 499; x_wconf 87' lang='lat' dir='ltr'><strong>dentior</strong></span> <span class='ocrx_word' id='word_1_18' title='bbox 463 453 586 502; x_wconf 84' lang='lat' dir='ltr'><strong>causa</strong></span> <span class='ocrx_word' id='word_1_19' title='bbox 606 455 810 504; x_wconf 67' lang='lat' dir='ltr'><strong>victoriae</strong></span> <span class='ocrx_word' id='word_1_20' title='bbox 828 457 936 515; x_wconf 88' lang='lat' dir='ltr'><strong>fuit,</strong></span> <span class='ocrx_word' id='word_1_21' title='bbox 956 475 1088 521; x_wconf 81' lang='lat' dir='ltr'><strong>quam</strong></span> <span class='ocrx_word' id='word_1_22' title='bbox 1102 460 1227 523; x_wconf 88' lang='lat' dir='ltr'><strong>quod</strong></span> <span class='ocrx_word' id='word_1_23' title='bbox 1242 460 1380 508; x_wconf 80' lang='lat' dir='ltr'><strong>multa</strong></span> <span class='ocrx_word' id='word_1_24' title='bbox 1395 461 1551 524; x_wconf 84' lang='lat' dir='ltr'><strong>paffim</strong></span> 
     </span>
     <span class='ocr_line' id='line_1_5' title="bbox 262 525 1550 595; baseline 0.009 -26"><span class='ocrx_word' id='word_1_25' title='bbox 262 525 427 586; x_wconf 83' lang='lat' dir='ltr'><strong>proelia</strong></span> <span class='ocrx_word' id='word_1_26' title='bbox 462 540 616 588; x_wconf 84' lang='lat' dir='ltr'><strong>erant,</strong></span> <span class='ocrx_word' id='word_1_27' title='bbox 646 547 747 594; x_wconf 84' lang='lat' dir='ltr'><strong>quae</strong></span> <span class='ocrx_word' id='word_1_28' title='bbox 781 529 1070 579; x_wconf 55' lang='lat' dir='ltr'><strong>fluctuantem</strong></span> <span class='ocrx_word' id='word_1_29' title='bbox 1104 532 1342 580; x_wconf 85' lang='lat' dir='ltr'><strong>turbarunt</strong></span> <span class='ocrx_word' id='word_1_30' title='bbox 1368 533 1550 595; x_wconf 86' lang='lat' dir='ltr'><strong>primo,</strong></span> 
     </span>
     <span class='ocr_line' id='line_1_6' title="bbox 261 595 1550 668; baseline 0.012 -28"><span class='ocrx_word' id='word_1_31' title='bbox 261 595 423 644; x_wconf 85' lang='lat' dir='ltr'><strong>deinde</strong></span> <span class='ocrx_word' id='word_1_32' title='bbox 458 600 731 661; x_wconf 84' lang='lat' dir='ltr'><strong>disjecerunt</strong></span> <span class='ocrx_word' id='word_1_33' title='bbox 761 602 1056 668; x_wconf 81' lang='lat' dir='ltr'><strong>phalangem:</strong></span> <span class='ocrx_word' id='word_1_34' title='bbox 1085 603 1213 665; x_wconf 83' lang='lat' dir='ltr'><strong>cujus</strong></span> <span class='ocrx_word' id='word_1_35' title='bbox 1248 605 1467 653; x_wconf 66' lang='lat' dir='ltr'><strong>confertae</strong></span> <span class='ocrx_word' id='word_1_36' title='bbox 1498 608 1550 655; x_wconf 75' lang='grc' dir='ltr'><strong>δε</strong></span> 
     </span>
     <span class='ocr_line' id='line_1_7' title="bbox 261 666 1548 724; baseline 0.007 -9"><span class='ocrx_word' id='word_1_37' title='bbox 261 666 447 721; x_wconf 86' lang='lat' dir='ltr'><strong>intentis</strong></span> <span class='ocrx_word' id='word_1_38' title='bbox 470 676 700 724; x_wconf 85' lang='lat' dir='ltr'><strong>horrentis</strong></span> <span class='ocrx_word' id='word_1_39' title='bbox 725 675 857 723; x_wconf 88' lang='lat' dir='ltr'><strong>hastis</strong></span> <span class='ocrx_word' id='word_1_40' title='bbox 878 675 1187 723; x_wconf 74' lang='lat' dir='ltr'>intolerabiles</span> <span class='ocrx_word' id='word_1_41' title='bbox 1213 675 1333 724; x_wconf 88' lang='lat' dir='ltr'><strong>vires</strong></span> <span class='ocrx_word' id='word_1_42' title='bbox 1356 676 1471 724; x_wconf 90' lang='lat' dir='ltr'><strong>sunt.</strong></span> <span class='ocrx_word' id='word_1_43' title='bbox 1503 675 1548 724; x_wconf 80' lang='lat' dir='ltr'><strong>Si</strong></span> 
     </span>
     <span class='ocr_line' id='line_1_8' title="bbox 244 746 1549 815; baseline 0.006 -25"><span class='ocrx_word' id='word_1_44' title='bbox 244 746 451 807; x_wconf 80' lang='lat' dir='ltr'><strong>&#39;carptim</strong></span> <span class='ocrx_word' id='word_1_45' title='bbox 473 751 773 812; x_wconf 67' lang='lat' dir='ltr'><strong>aggrediendo</strong></span> <span class='ocrx_word' id='word_1_46' title='bbox 803 750 1106 815; x_wconf 82' lang='lat' dir='ltr'><strong>circumagere</strong></span> <span class='ocrx_word' id='word_1_47' title='bbox 1134 750 1416 798; x_wconf 85' lang='lat' dir='ltr'>immobilem</span> <span class='ocrx_word' id='word_1_48' title='bbox 1441 751 1549 808; x_wconf 84' lang='lat' dir='ltr'><strong>lon-</strong></span> 
     </span>
     <span class='ocr_line' id='line_1_9' title="bbox 262 817 1550 886; baseline 0.005 -23"><span class='ocrx_word' id='word_1_49' title='bbox 262 817 468 877; x_wconf 73' lang='lat' dir='ltr'><strong>gitudine</strong></span> <span class='ocrx_word' id='word_1_50' title='bbox 496 824 547 871; x_wconf 88' lang='lat'>&amp;</span> <span class='ocrx_word' id='word_1_51' title='bbox 578 823 809 886; x_wconf 15' lang='lat' dir='ltr'><strong>gravitate*</strong></span> <span class='ocrx_word' id='word_1_52' title='bbox 825 822 997 869; x_wconf 84' lang='lat' dir='ltr'><strong>hastam</strong></span> <span class='ocrx_word' id='word_1_53' title='bbox 1033 838 1190 886; x_wconf 80' lang='lat' dir='ltr'><strong>cogas,</strong></span> <span class='ocrx_word' id='word_1_54' title='bbox 1210 822 1396 870; x_wconf 84' lang='lat' dir='ltr'><strong>confusa</strong></span> <span class='ocrx_word' id='word_1_55' title='bbox 1431 822 1550 869; x_wconf 85' lang='lat' dir='ltr'><strong>strue</strong></span> 
     </span>
     <span class='ocr_line' id='line_1_10' title="bbox 262 887 1551 959; baseline 0.006 -25"><span class='ocrx_word' id='word_1_56' title='bbox 262 887 581 951; x_wconf 77' lang='lat' dir='ltr'><strong>implicantur:</strong></span> <span class='ocrx_word' id='word_1_57' title='bbox 601 895 632 942; x_wconf 89' lang='lat' dir='ltr'><strong>fi</strong></span> <span class='ocrx_word' id='word_1_58' title='bbox 653 913 767 944; x_wconf 86' lang='lat' dir='ltr'><strong>vero</strong></span> <span class='ocrx_word' id='word_1_59' title='bbox 789 908 866 943; x_wconf 87' lang='lat' dir='ltr'><strong>aut</strong></span> <span class='ocrx_word' id='word_1_60' title='bbox 885 896 940 943; x_wconf 88' lang='lat' dir='ltr'><strong>ab</strong></span> <span class='ocrx_word' id='word_1_61' title='bbox 966 895 1127 951; x_wconf 88' lang='lat' dir='ltr'><strong>latere,</strong></span> <span class='ocrx_word' id='word_1_62' title='bbox 1145 910 1220 942; x_wconf 85' lang='lat' dir='ltr'><strong>aut</strong></span> <span class='ocrx_word' id='word_1_63' title='bbox 1243 895 1300 942; x_wconf 84' lang='lat' dir='ltr'><strong>ab</strong></span> <span class='ocrx_word' id='word_1_64' title='bbox 1318 907 1446 959; x_wconf 80' lang='lat' dir='ltr'><strong>tergo</strong></span> <span class='ocrx_word' id='word_1_65' title='bbox 1465 895 1551 942; x_wconf 79' lang='lat' dir='ltr'><strong>ali-</strong></span> 
     </span>
     <span class='ocr_line' id='line_1_11' title="bbox 262 963 1550 1031; baseline 0.005 -21"><span class='ocrx_word' id='word_1_66' title='bbox 262 963 371 1023; x_wconf 78' lang='lat' dir='ltr'><strong>quid</strong></span> <span class='ocrx_word' id='word_1_67' title='bbox 411 967 627 1016; x_wconf 83' lang='lat' dir='ltr'><strong>tumultus</strong></span> <span class='ocrx_word' id='word_1_68' title='bbox 662 968 914 1031; x_wconf 81' lang='lat' dir='ltr'><strong>increpuit,</strong></span> <span class='ocrx_word' id='word_1_69' title='bbox 942 967 1084 1014; x_wconf 80' lang='lat' dir='ltr'><strong>ruinae</strong></span> <span class='ocrx_word' id='word_1_70' title='bbox 1118 967 1261 1013; x_wconf 89' lang='lat' dir='ltr'><strong>modo</strong></span> <span class='ocrx_word' id='word_1_71' title='bbox 1297 967 1550 1016; x_wconf 85' lang='lat' dir='ltr'><strong>turbantur.</strong></span> 
     </span>
     <span class='ocr_line' id='line_1_12' title="bbox 260 1037 1547 1091; baseline 0.004 -9"><span class='ocrx_word' id='word_1_72' title='bbox 260 1037 372 1085; x_wconf 80' lang='lat' dir='ltr'><strong>ficut</strong></span> <span class='ocrx_word' id='word_1_73' title='bbox 403 1052 498 1088; x_wconf 84' lang='lat' dir='ltr'><strong>tum</strong></span> <span class='ocrx_word' id='word_1_74' title='bbox 528 1043 741 1091; x_wconf 85' lang='lat' dir='ltr'><strong>adversus</strong></span> <span class='ocrx_word' id='word_1_75' title='bbox 764 1041 1030 1090; x_wconf 84' lang='lat' dir='ltr'><strong>catervatim</strong></span> <span class='ocrx_word' id='word_1_76' title='bbox 1062 1040 1341 1088; x_wconf 80' lang='lat' dir='ltr'><strong>incurrentes</strong></span> <span class='ocrx_word' id='word_1_77' title='bbox 1375 1043 1547 1087; x_wconf 81' lang='lat' dir='ltr'><strong>Roma-</strong></span> 
     </span>
     <span class='ocr_line' id='line_1_13' title="bbox 260 1112 1549 1178; baseline 0.002 -21"><span class='ocrx_word' id='word_1_78' title='bbox 260 1126 377 1169; x_wconf 84' lang='lat' dir='ltr'><strong>nos,</strong></span> <span class='ocrx_word' id='word_1_79' title='bbox 407 1115 457 1161; x_wconf 61' lang='grc' dir='ltr'><strong>ὃ(</strong></span> <span class='ocrx_word' id='word_1_80' title='bbox 491 1114 741 1178; x_wconf 85' lang='lat' dir='ltr'><strong>interrupta</strong></span> <span class='ocrx_word' id='word_1_81' title='bbox 779 1114 1068 1162; x_wconf 75' lang='lat' dir='ltr'><strong>multifariam</strong></span> <span class='ocrx_word' id='word_1_82' title='bbox 1105 1114 1230 1169; x_wconf 84' lang='lat' dir='ltr'><strong>acie,</strong></span> <span class='ocrx_word' id='word_1_83' title='bbox 1259 1112 1447 1160; x_wconf 81' lang='lat' dir='ltr'><strong>obviam</strong></span> <span class='ocrx_word' id='word_1_84' title='bbox 1481 1113 1549 1160; x_wconf 91' lang='lat' dir='ltr'><strong>ire</strong></span> 
     </span>
     <span class='ocr_line' id='line_1_14' title="bbox 258 1183 1550 1251; baseline 0.002 -22"><span class='ocrx_word' id='word_1_85' title='bbox 258 1186 541 1247; x_wconf 77' lang='lat' dir='ltr'><strong>cogebantur</strong></span> <span class='ocrx_word' id='word_1_86' title='bbox 559 1206 569 1236; x_wconf 73' lang='grc' dir='ltr'><strong><em>ε</em></strong></span> <span class='ocrx_word' id='word_1_87' title='bbox 589 1191 640 1237; x_wconf 84' lang='lat'>&amp;</span> <span class='ocrx_word' id='word_1_88' title='bbox 662 1189 883 1247; x_wconf 84' lang='lat' dir='ltr'><strong>Romani,</strong></span> <span class='ocrx_word' id='word_1_89' title='bbox 905 1200 1170 1250; x_wconf 86' lang='lat' dir='ltr'><strong>quacunque</strong></span> <span class='ocrx_word' id='word_1_90' title='bbox 1189 1185 1289 1232; x_wconf 84' lang='lat' dir='ltr'><strong>data</strong></span> <span class='ocrx_word' id='word_1_91' title='bbox 1311 1183 1550 1251; x_wconf 69' lang='lat' dir='ltr'><strong>intervaila</strong></span> 
     </span>
     <span class='ocr_line' id='line_1_15' title="bbox 257 1258 1548 1319; baseline 0.001 -15"><span class='ocrx_word' id='word_1_92' title='bbox 257 1258 426 1316; x_wconf 78' lang='lat' dir='ltr'><strong>effent,</strong></span> <span class='ocrx_word' id='word_1_93' title='bbox 451 1261 736 1311; x_wconf 73' lang='lat' dir='ltr'><strong>insinuabant</strong></span> <span class='ocrx_word' id='word_1_94' title='bbox 767 1263 950 1309; x_wconf 87' lang='lat' dir='ltr'><strong>ordines</strong></span> <span class='ocrx_word' id='word_1_95' title='bbox 980 1260 1096 1307; x_wconf 91' lang='lat' dir='ltr'><strong>suos.</strong></span> <span class='ocrx_word' id='word_1_96' title='bbox 1128 1259 1249 1319; x_wconf 84' lang='lat' dir='ltr'><strong>Qui,</strong></span> <span class='ocrx_word' id='word_1_97' title='bbox 1280 1259 1313 1305; x_wconf 88' lang='lat' dir='ltr'><strong>fi</strong></span> <span class='ocrx_word' id='word_1_98' title='bbox 1337 1258 1548 1306; x_wconf 83' lang='lat' dir='ltr'><strong>universa</strong></span> 
     </span>
     <span class='ocr_line' id='line_1_16' title="bbox 257 1330 1548 1405; baseline 0.002 -29"><span class='ocrx_word' id='word_1_99' title='bbox 257 1330 355 1378; x_wconf 74' lang='lat' dir='ltr'><strong>acie</strong></span> <span class='ocrx_word' id='word_1_100' title='bbox 398 1332 445 1380; x_wconf 90' lang='lat' dir='ltr'><strong>in</strong></span> <span class='ocrx_word' id='word_1_101' title='bbox 487 1334 686 1383; x_wconf 81' lang='lat' dir='ltr'><strong>frontem</strong></span> <span class='ocrx_word' id='word_1_102' title='bbox 730 1334 942 1382; x_wconf 84' lang='lat' dir='ltr'><strong>adversus</strong></span> <span class='ocrx_word' id='word_1_103' title='bbox 979 1331 1236 1380; x_wconf 62' lang='lat' dir='ltr'><strong>instructam</strong></span> <span class='ocrx_word' id='word_1_104' title='bbox 1283 1331 1548 1405; x_wconf 84' lang='lat' dir='ltr'><strong>phalangem</strong></span> 
     </span>
     <span class='ocr_line' id='line_1_17' title="bbox 258 1405 1548 1472; baseline 0 -21"><span class='ocrx_word' id='word_1_105' title='bbox 258 1407 616 1466; x_wconf 66' lang='lat' dir='ltr'><strong>concurrissent,</strong></span> <span class='ocrx_word' id='word_1_106' title='bbox 638 1410 765 1472; x_wconf 84' lang='lat' dir='ltr'><strong>quod</strong></span> <span class='ocrx_word' id='word_1_107' title='bbox 792 1407 1012 1472; x_wconf 82' lang='lat' dir='ltr'><strong>Pelignis.,</strong></span> <span class='ocrx_word' id='word_1_108' title='bbox 1039 1405 1266 1470; x_wconf 86' lang='lat' dir='ltr'><strong>principio</strong></span> <span class='ocrx_word' id='word_1_109' title='bbox 1286 1423 1446 1470; x_wconf 85' lang='lat' dir='ltr'><strong>pugnae</strong></span> <span class='ocrx_word' id='word_1_110' title='bbox 1474 1405 1548 1451; x_wconf 85' lang='lat' dir='ltr'><strong>in-</strong></span> 
     </span>
     <span class='ocr_line' id='line_1_18' title="bbox 257 1477 1547 1538; baseline 0.001 -13"><span class='ocrx_word' id='word_1_111' title='bbox 257 1491 388 1525; x_wconf 87' lang='lat' dir='ltr'><strong>caute</strong></span> <span class='ocrx_word' id='word_1_112' title='bbox 413 1482 655 1538; x_wconf 67' lang='lat' dir='ltr'><strong>congreffis</strong></span> <span class='ocrx_word' id='word_1_113' title='bbox 679 1483 894 1530; x_wconf 86' lang='lat' dir='ltr'><strong>adversus</strong></span> <span class='ocrx_word' id='word_1_114' title='bbox 921 1492 1116 1529; x_wconf 84' lang='lat' dir='ltr'><strong>cetratos</strong></span> <span class='ocrx_word' id='word_1_115' title='bbox 1133 1516 1147 1537; x_wconf 86' lang='lat'>,</span> <span class='ocrx_word' id='word_1_116' title='bbox 1172 1479 1357 1536; x_wconf 86' lang='lat' dir='ltr'><strong>evenit,</strong></span> <span class='ocrx_word' id='word_1_117' title='bbox 1374 1477 1547 1526; x_wconf 87' lang='lat' dir='ltr'><strong>induis-</strong></span> 
     </span>
     <span class='ocr_line' id='line_1_19' title="bbox 256 1548 1460 1612; baseline 0.001 -17"><span class='ocrx_word' id='word_1_118' title='bbox 256 1548 354 1596; x_wconf 83' lang='lat' dir='ltr'><strong>sent</strong></span> <span class='ocrx_word' id='word_1_119' title='bbox 375 1551 415 1597; x_wconf 79' lang='lat' dir='ltr'><strong>se</strong></span> <span class='ocrx_word' id='word_1_120' title='bbox 434 1551 587 1612; x_wconf 79' lang='lat' dir='ltr'><strong>hastis,</strong></span> <span class='ocrx_word' id='word_1_121' title='bbox 609 1571 695 1601; x_wconf 88' lang='lat' dir='ltr'><strong>nec</strong></span> <span class='ocrx_word' id='word_1_122' title='bbox 719 1553 968 1602; x_wconf 87' lang='lat' dir='ltr'><strong>confertam</strong></span> <span class='ocrx_word' id='word_1_123' title='bbox 991 1552 1132 1600; x_wconf 85' lang='lat' dir='ltr'><strong>aciem</strong></span> <span class='ocrx_word' id='word_1_124' title='bbox 1154 1549 1460 1597; x_wconf 72' lang='lat' dir='ltr'><strong>sustinuissent.</strong></span> 
     </span>
     <span class='ocr_line' id='line_1_20' title="bbox 320 1624 1546 1691; baseline 0.002 -19"><span class='ocrx_word' id='word_1_125' title='bbox 320 1628 456 1674; x_wconf 78' lang='lat' dir='ltr'>XLII.</span> <span class='ocrx_word' id='word_1_126' title='bbox 495 1630 706 1680; x_wconf 82' lang='lat' dir='ltr'><strong>Ceterum</strong></span> <span class='ocrx_word' id='word_1_127' title='bbox 735 1629 848 1676; x_wconf 84' lang='lat' dir='ltr'><strong>ficut</strong></span> <span class='ocrx_word' id='word_1_128' title='bbox 875 1629 1073 1691; x_wconf 82' lang='lat' dir='ltr'><strong>peditum</strong></span> <span class='ocrx_word' id='word_1_129' title='bbox 1104 1627 1254 1689; x_wconf 83' lang='lat' dir='ltr'><strong>paffim</strong></span> <span class='ocrx_word' id='word_1_130' title='bbox 1292 1627 1435 1674; x_wconf 85' lang='lat' dir='ltr'><strong>caedes</strong></span> <span class='ocrx_word' id='word_1_131' title='bbox 1458 1624 1546 1674; x_wconf 46' lang='lat' dir='ltr'><strong>fied</strong></span> 
     </span>
     <span class='ocr_line' id='line_1_21' title="bbox 255 1696 1548 1765; baseline 0.002 -21"><span class='ocrx_word' id='word_1_132' title='bbox 255 1696 386 1759; x_wconf 71' lang='lat' dir='ltr'><strong>bant,</strong></span> <span class='ocrx_word' id='word_1_133' title='bbox 407 1699 486 1747; x_wconf 83' lang='lat' dir='ltr'><strong>nifi</strong></span> <span class='ocrx_word' id='word_1_134' title='bbox 508 1702 586 1765; x_wconf 86' lang='lat' dir='ltr'><strong>qui</strong></span> <span class='ocrx_word' id='word_1_135' title='bbox 613 1703 794 1763; x_wconf 59' lang='lat' dir='ltr'><strong>abjectis</strong></span> <span class='ocrx_word' id='word_1_136' title='bbox 821 1702 954 1749; x_wconf 85' lang='lat' dir='ltr'><strong>armis</strong></span> <span class='ocrx_word' id='word_1_137' title='bbox 973 1701 1212 1765; x_wconf 75' lang='lat' dir='ltr'><strong>fugerunt5,</strong></span> <span class='ocrx_word' id='word_1_138' title='bbox 1245 1700 1304 1747; x_wconf 84' lang='lat' dir='ltr'><strong>fic</strong></span> <span class='ocrx_word' id='word_1_139' title='bbox 1324 1700 1548 1762; x_wconf 75' lang='lat' dir='ltr'><strong>equitatus</strong></span> 
     </span>
     <span class='ocr_line' id='line_1_22' title="bbox 253 1772 1545 1839; baseline 0.002 -20"><span class='ocrx_word' id='word_1_140' title='bbox 253 1790 399 1835; x_wconf 82' lang='lat' dir='ltr'><strong>prope</strong></span> <span class='ocrx_word' id='word_1_141' title='bbox 438 1773 611 1839; x_wconf 83' lang='lat' dir='ltr'><strong>integer</strong></span> <span class='ocrx_word' id='word_1_142' title='bbox 644 1793 791 1839; x_wconf 79' lang='lat' dir='ltr'><strong>pugna</strong></span> <span class='ocrx_word' id='word_1_143' title='bbox 830 1775 1024 1823; x_wconf 81' lang='lat' dir='ltr'><strong>exceffit.</strong></span> <span class='ocrx_word' id='word_1_144' title='bbox 1066 1773 1280 1835; x_wconf 83' lang='lat' dir='ltr'><strong>Princeps</strong></span> <span class='ocrx_word' id='word_1_145' title='bbox 1310 1772 1431 1838; x_wconf 78' lang='lat' dir='ltr'><strong>fugae</strong></span> <span class='ocrx_word' id='word_1_146' title='bbox 1465 1790 1545 1821; x_wconf 82' lang='lat' dir='ltr'><strong>rex</strong></span> 
     </span>
     <span class='ocr_line' id='line_1_23' title="bbox 251 1843 1545 1911; baseline 0.002 -20"><span class='ocrx_word' id='word_1_147' title='bbox 251 1843 346 1905; x_wconf 76' lang='lat' dir='ltr'><strong>ipse</strong></span> <span class='ocrx_word' id='word_1_148' title='bbox 367 1859 474 1895; x_wconf 87' lang='lat' dir='ltr'><strong>erat.</strong></span> <span class='ocrx_word' id='word_1_149' title='bbox 501 1848 588 1905; x_wconf 69' lang='lat' dir='ltr'><strong>iam</strong></span> <span class='ocrx_word' id='word_1_150' title='bbox 610 1867 633 1896; x_wconf 86' lang='lat' dir='ltr'><strong>a</strong></span> <span class='ocrx_word' id='word_1_151' title='bbox 661 1850 821 1911; x_wconf 81' lang='lat' dir='ltr'><strong>Pydna</strong></span> <span class='ocrx_word' id='word_1_152' title='bbox 847 1866 947 1896; x_wconf 84' lang='lat' dir='ltr'><strong>cum</strong></span> <span class='ocrx_word' id='word_1_153' title='bbox 970 1846 1099 1895; x_wconf 85' lang='lat' dir='ltr'><strong>sacris</strong></span> <span class='ocrx_word' id='word_1_154' title='bbox 1125 1846 1204 1894; x_wconf 80' lang='lat' dir='ltr'><strong>alis</strong></span> <span class='ocrx_word' id='word_1_155' title='bbox 1224 1845 1426 1909; x_wconf 79' lang='lat' dir='ltr'><strong>equitum</strong></span> <span class='ocrx_word' id='word_1_156' title='bbox 1446 1847 1545 1894; x_wconf 86' lang='lat' dir='ltr'><strong>Pel-</strong></span> 
     </span>
     <span class='ocr_line' id='line_1_24' title="bbox 249 1917 1545 1984; baseline 0.001 -20"><span class='ocrx_word' id='word_1_157' title='bbox 249 1917 339 1965; x_wconf 85' lang='lat' dir='ltr'><strong>lam</strong></span> <span class='ocrx_word' id='word_1_158' title='bbox 361 1923 540 1981; x_wconf 83' lang='lat' dir='ltr'><strong>petebat</strong></span> <span class='ocrx_word' id='word_1_159' title='bbox 561 1942 571 1970; x_wconf 71' lang='grc' dir='ltr'><strong><em>ε</em></strong></span> <span class='ocrx_word' id='word_1_160' title='bbox 594 1922 829 1970; x_wconf 82' lang='lat' dir='ltr'><strong>confestim</strong></span> <span class='ocrx_word' id='word_1_161' title='bbox 853 1922 1080 1969; x_wconf 83' lang='lat' dir='ltr'><strong>Costocus</strong></span> <span class='ocrx_word' id='word_1_162' title='bbox 1103 1920 1367 1981; x_wconf 77' lang='lat' dir='ltr'><strong>sequebatur</strong></span> <span class='ocrx_word' id='word_1_163' title='bbox 1385 1920 1545 1984; x_wconf 86' lang='lat' dir='ltr'><strong>Odry-</strong></span> 
     </span>
     <span class='ocr_line' id='line_1_25' title="bbox 252 1991 1542 2056; baseline -0.001 -16"><span class='ocrx_word' id='word_1_164' title='bbox 252 1993 486 2053; x_wconf 71' lang='lat' dir='ltr'><strong>sarumque</strong></span> <span class='ocrx_word' id='word_1_165' title='bbox 533 1994 776 2056; x_wconf 74' lang='lat' dir='ltr'><strong>equitatus.</strong></span> <span class='ocrx_word' id='word_1_166' title='bbox 821 2006 982 2042; x_wconf 85' lang='lat' dir='ltr'><strong>ceterae</strong></span> <span class='ocrx_word' id='word_1_167' title='bbox 1017 2008 1201 2055; x_wconf 83' lang='lat' dir='ltr'><strong>quoque</strong></span> <span class='ocrx_word' id='word_1_168' title='bbox 1239 1991 1542 2039; x_wconf 82' lang='lat' dir='ltr'><strong>Macedonum</strong></span> 
     </span>
     <span class='ocr_line' id='line_1_26' title="bbox 250 2056 1542 2124; baseline -0.001 -14"><span class='ocrx_word' id='word_1_169' title='bbox 250 2066 334 2111; x_wconf 72' lang='lat' dir='ltr'><strong>alae</strong></span> <span class='ocrx_word' id='word_1_170' title='bbox 365 2065 548 2123; x_wconf 62' lang='lat' dir='ltr'><strong>integris</strong></span> <span class='ocrx_word' id='word_1_171' title='bbox 569 2056 751 2112; x_wconf 81' lang='lat' dir='ltr'><strong>abibant</strong></span> <span class='ocrx_word' id='word_1_172' title='bbox 786 2063 1053 2117; x_wconf 77' lang='lat' dir='ltr'><strong>ordinibus3</strong></span> <span class='ocrx_word' id='word_1_173' title='bbox 1085 2061 1187 2123; x_wconf 85' lang='lat' dir='ltr'><strong>quia</strong></span> <span class='ocrx_word' id='word_1_174' title='bbox 1214 2059 1443 2120; x_wconf 63' lang='lat' dir='ltr'><strong>interjecta</strong></span> <span class='ocrx_word' id='word_1_175' title='bbox 1460 2078 1542 2124; x_wconf 82' lang='lat' dir='ltr'><strong>pe-</strong></span> 
     </span>
     <span class='ocr_line' id='line_1_27' title="bbox 249 2119 1543 2197; baseline -0.001 -15"><span class='ocrx_word' id='word_1_176' title='bbox 249 2136 392 2183; x_wconf 77' lang='lat' dir='ltr'><strong>ditum</strong></span> <span class='ocrx_word' id='word_1_177' title='bbox 426 2119 564 2187; x_wconf 69' lang='lat' dir='ltr'><strong>acies.</strong></span> <span class='ocrx_word' id='word_1_178' title='bbox 597 2136 722 2197; x_wconf 75' lang='lat' dir='ltr'><strong>cnjus</strong></span> <span class='ocrx_word' id='word_1_179' title='bbox 752 2136 895 2182; x_wconf 75' lang='lat' dir='ltr'><strong>caedes</strong></span> <span class='ocrx_word' id='word_1_180' title='bbox 922 2135 1118 2182; x_wconf 62' lang='lat' dir='ltr'><strong>victores</strong></span> <span class='ocrx_word' id='word_1_181' title='bbox 1148 2133 1355 2191; x_wconf 75' lang='lat' dir='ltr'><strong>tenebat,</strong></span> <span class='ocrx_word' id='word_1_182' title='bbox 1383 2134 1543 2181; x_wconf 86' lang='lat' dir='ltr'><strong>imme-</strong></span> 
     </span>
     <span class='ocr_line' id='line_1_28' title="bbox 247 2204 1543 2271; baseline -0.002 -16"><span class='ocrx_word' id='word_1_183' title='bbox 247 2225 401 2255; x_wconf 74' lang='lat' dir='ltr'><strong>mores</strong></span> <span class='ocrx_word' id='word_1_184' title='bbox 425 2208 589 2256; x_wconf 77' lang='lat' dir='ltr'><strong>fecerat</strong></span> <span class='ocrx_word' id='word_1_185' title='bbox 607 2207 818 2270; x_wconf 82' lang='lat' dir='ltr'><strong>sequendi</strong></span> <span class='ocrx_word' id='word_1_186' title='bbox 836 2207 1023 2271; x_wconf 81' lang='lat' dir='ltr'><strong>equites.</strong></span> <span class='ocrx_word' id='word_1_187' title='bbox 1044 2204 1141 2252; x_wconf 83' lang='lat' dir='ltr'><strong>Diu</strong></span> <span class='ocrx_word' id='word_1_188' title='bbox 1162 2205 1358 2268; x_wconf 75' lang='lat' dir='ltr'><strong>phalanx</strong></span> <span class='ocrx_word' id='word_1_189' title='bbox 1376 2223 1399 2253; x_wconf 83' lang='lat' dir='ltr'><strong>a</strong></span> <span class='ocrx_word' id='word_1_190' title='bbox 1418 2205 1543 2263; x_wconf 78' lang='lat' dir='ltr'><strong>fron-</strong></span> 
     </span>
     <span class='ocr_line' id='line_1_29' title="bbox 249 2277 1543 2344; baseline 0 -19"><span class='ocrx_word' id='word_1_191' title='bbox 249 2291 294 2325; x_wconf 84' lang='lat' dir='ltr'><strong>te</strong></span> <span class='ocrx_word' id='word_1_192' title='bbox 310 2316 324 2337; x_wconf 79' lang='lat'><strong>‚</strong></span> <span class='ocrx_word' id='word_1_193' title='bbox 344 2297 369 2326; x_wconf 83' lang='lat' dir='ltr'><strong>a</strong></span> <span class='ocrx_word' id='word_1_194' title='bbox 391 2280 627 2336; x_wconf 65' lang='lat' dir='ltr'><strong>lateribus,</strong></span> <span class='ocrx_word' id='word_1_195' title='bbox 647 2281 703 2326; x_wconf 89' lang='lat' dir='ltr'><strong>ab</strong></span> <span class='ocrx_word' id='word_1_196' title='bbox 720 2293 847 2344; x_wconf 77' lang='lat' dir='ltr'><strong>tergo</strong></span> <span class='ocrx_word' id='word_1_197' title='bbox 872 2278 980 2326; x_wconf 84' lang='lat' dir='ltr'><strong>caesa</strong></span> <span class='ocrx_word' id='word_1_198' title='bbox 1000 2277 1060 2325; x_wconf 91' lang='lat' dir='ltr'><strong>est</strong></span> <span class='ocrx_word' id='word_1_199' title='bbox 1079 2296 1090 2324; x_wconf 92' lang='lat'>:</span> <span class='ocrx_word' id='word_1_200' title='bbox 1108 2277 1337 2341; x_wconf 86' lang='lat' dir='ltr'><strong>postremo</strong></span> <span class='ocrx_word' id='word_1_201' title='bbox 1355 2314 1368 2335; x_wconf 91' lang='lat'><strong>,</strong></span> <span class='ocrx_word' id='word_1_202' title='bbox 1389 2277 1465 2341; x_wconf 83' lang='lat' dir='ltr'><strong>qui</strong></span> <span class='ocrx_word' id='word_1_203' title='bbox 1486 2295 1543 2326; x_wconf 83' lang='lat' dir='ltr'><strong>ex</strong></span> 
     </span>
     <span class='ocr_line' id='line_1_30' title="bbox 252 2351 1542 2416; baseline 0 -18"><span class='ocrx_word' id='word_1_204' title='bbox 252 2352 451 2400; x_wconf 66' lang='lat' dir='ltr'><strong>hostium</strong></span> <span class='ocrx_word' id='word_1_205' title='bbox 477 2353 682 2401; x_wconf 82' lang='lat' dir='ltr'><strong>manibus</strong></span> <span class='ocrx_word' id='word_1_206' title='bbox 707 2354 841 2416; x_wconf 72' lang='lat' dir='ltr'><strong>eiapfi</strong></span> <span class='ocrx_word' id='word_1_207' title='bbox 863 2364 1015 2411; x_wconf 82' lang='lat' dir='ltr'><strong>erant,</strong></span> <span class='ocrx_word' id='word_1_208' title='bbox 1043 2351 1235 2399; x_wconf 84' lang='lat' dir='ltr'><strong>inermes</strong></span> <span class='ocrx_word' id='word_1_209' title='bbox 1253 2351 1308 2398; x_wconf 81' lang='lat' dir='ltr'><strong>ad</strong></span> <span class='ocrx_word' id='word_1_210' title='bbox 1325 2368 1447 2398; x_wconf 86' lang='lat' dir='ltr'><strong>mare</strong></span> <span class='ocrx_word' id='word_1_211' title='bbox 1466 2351 1542 2399; x_wconf 89' lang='lat' dir='ltr'><strong>fu-</strong></span> 
     </span>
     <span class='ocr_line' id='line_1_31' title="bbox 252 2423 1543 2491; baseline 0 -21"><span class='ocrx_word' id='word_1_212' title='bbox 252 2424 453 2487; x_wconf 69' lang='lat' dir='ltr'><strong>gientes,</strong></span> <span class='ocrx_word' id='word_1_213' title='bbox 488 2427 671 2491; x_wconf 81' lang='lat' dir='ltr'><strong>quidam</strong></span> <span class='ocrx_word' id='word_1_214' title='bbox 707 2444 867 2491; x_wconf 84' lang='lat' dir='ltr'><strong>aquam</strong></span> <span class='ocrx_word' id='word_1_215' title='bbox 904 2425 1038 2473; x_wconf 84' lang='lat' dir='ltr'><strong>etiam</strong></span> <span class='ocrx_word' id='word_1_216' title='bbox 1068 2424 1269 2488; x_wconf 82' lang='lat' dir='ltr'><strong>ingreffi,</strong></span> <span class='ocrx_word' id='word_1_217' title='bbox 1301 2441 1457 2471; x_wconf 88' lang='lat' dir='ltr'><strong>manus</strong></span> <span class='ocrx_word' id='word_1_218' title='bbox 1486 2423 1543 2470; x_wconf 84' lang='lat' dir='ltr'><strong>ad</strong></span> 
     </span>
     <span class='ocr_line' id='line_1_32' title="bbox 243 2495 1542 2563; baseline 0 -20"><span class='ocrx_word' id='word_1_219' title='bbox 243 2512 355 2558; x_wconf 82' lang='lat' dir='ltr'><strong>eos,</strong></span> <span class='ocrx_word' id='word_1_220' title='bbox 381 2499 458 2563; x_wconf 86' lang='lat' dir='ltr'><strong>qui</strong></span> <span class='ocrx_word' id='word_1_221' title='bbox 491 2500 539 2549; x_wconf 85' lang='lat' dir='ltr'><strong>in</strong></span> <span class='ocrx_word' id='word_1_222' title='bbox 572 2499 700 2549; x_wconf 74' lang='lat' dir='ltr'><strong>class&#39;e</strong></span> <span class='ocrx_word' id='word_1_223' title='bbox 732 2511 885 2559; x_wconf 80' lang='lat' dir='ltr'><strong>erant,</strong></span> <span class='ocrx_word' id='word_1_224' title='bbox 913 2498 1171 2555; x_wconf 80' lang='lat' dir='ltr'><strong>tendenteS,</strong></span> <span class='ocrx_word' id='word_1_225' title='bbox 1193 2496 1450 2561; x_wconf 87' lang='lat' dir='ltr'><strong>suppliciter</strong></span> <span class='ocrx_word' id='word_1_226' title='bbox 1473 2495 1542 2545; x_wconf 86' lang='lat' dir='ltr'><strong>vi-</strong></span> 
     </span>
    </p>
   </div>
  </div>
 </body>
</html>
