1673 3052
310 174 373 222 82

426 320 1469 420 T1T1L1V11PATAV1N1

304 516 1599 642 'HISTORIARUM

535 767 632 813 AB
685 767 897 816 URBE
954 767 1361 816 CONDITA

578 942 923 997 LIBER
992 943 1311 1001 XLIII.

695 1260 1220 1318 EPITOME

415 1415 601 1457 LIBRI
643 1415 1178 1466 QUADRAGESIMI
1226 1415 1481 1457 TERTII.

300 1534 482 1574 Praetores
501 1533 669 1584 aliquot,
687 1546 733 1572 eo
754 1534 858 1584 quod
881 1546 992 1572 avare
1010 1535 1044 1573 ἃ
1062 1532 1266 1572 crudeliter
1288 1534 1502 1585 provincias
1517 1534 1591 1574 ad-

355 1595 641 1642 ministrafl'ent,
660 1595 832 1633 damnati
853 1594 948 1633 sunt.
972 1595 1009 1634 P.
1032 1595 1200 1634 Licinius
1218 1594 1366 1634 Crassus
1387 1594 1591 1646 proconsul

354 1658 572 1709 complures
600 1659 640 1697 in
659 1658 809 1697 Graecia
835 1658 944 1697 urbes
966 1660 1224 1710 expugnavit,
1242 1660 1282 1698 ὃ(
1310 1657 1513 1698 crudeliter
1529 1659 1589 1698 di-

352 1722 481 1772 ripuit.
511 1721 560 1760 ob
581 1722 621 1760 id
640 1722 801 1777 captivi,
821 1722 885 1772 qui
910 1721 957 1760 ab
979 1734 1024 1759 eo
1046 1721 1113 1760 sub
1140 1733 1284 1761 corona
1300 1723 1519 1769 venierunt,
1541 1734 1588 1760 ex

354 1783 681 1823 senatusconsulto
702 1784 831 1836 postea
848 1783 1004 1822 restituti
1027 1782 1046 1821 s
1044 1793 1120 1822 unt.
1138 1783 1231 1823 Item
1249 1797 1268 1822 a
1286 1783 1471 1833 praefectis
1488 1781 1588 1822 clas-

350 1844 446 1883 s1um
474 1845 736 1885 Romanarum
763 1844 883 1883 multa
911 1844 1145 1893 impotenter
1170 1845 1208 1882 in
1238 1843 1358 1882 socios
1383 1843 1492 1882 faeta.
1514 1843 1586 1882 Res

353 1914 534 1956 praeterea
549 1919 568 1945 a
582 1906 710 1945 Perseo
728 1918 815 1955 rege
831 1905 870 1943 in
886 1904 1049 1944 Thracia
1066 1904 1244 1955 prospere
1261 1905 1378 1955 gestas
1393 1905 1587 1953 continet,

349 1969 458 2007 victis
483 1969 667 2009 Dardanis
684 1971 717 2009 &
741 1968 892 2019 Illyrico
907 1999 917 2014 ‚
936 1970 1047 2015 cujus
1065 1981 1126 2006 rex
1143 1977 1221 2007 erat
1238 1968 1411 2008 Gentius.
1431 1968 1587 2015 Motus,

350 2029 414 2078 qui
431 2029 468 2066 in
484 2029 664 2079 Hispania
678 2028 725 2067 ab
745 2028 911 2067 Olonico
927 2028 1047 2066 fam-s
1062 2042 1161 2075 crat,
1180 2027 1260 2078 ipso
1273 2027 1476 2066 interemto
1493 2040 1586 2066 con·

347 2091 455 2129 sedit.
473 2091 529 2130 M.
552 2091 730 2130 AEmilms
746 2089 914 2139 Lepidus
930 2103 950 2126 a
967 2088 1186 2128 censoribus
1204 2089 1379 2139 princeps
1400 2090 1440 2127 in
1453 2088 1583 2128 senatu

348 2149 482 2189 lectus.

291 2338 324 2382 1.
349 2269 597 2384 EADEM
619 2332 764 2379 aestate
778 2369 791 2390 ‚
810 2349 898 2395 qua
922 2331 967 2378 in
984 2332 1204 2379 Thessalia
1224 2332 1411 2396 equestri
1430 2349 1580 2397 pugna

291 2406 445 2454 vicere
485 2407 710 2462 Romani,
745 2407 938 2469 legatus,
972 2406 1018 2450 in
1056 2406 1291 2468 Illyricum
1331 2422 1355 2452 a
1394 2405 1578 2453 consule

293 2479 470 2538 mistus,
490 2480 706 2541 opulenta
728 2479 819 2524 duo
839 2479 1008 2542 oppida
1027 2478 1076 2526 vi
1105 2490 1238 2542 atque
1269 2477 1402 2526 armis
1430 2476 1581 2540 coegit
