1673 3052
280 191 343 243 70
646 176 1206 233 T1T1L1vr1

280 302 362 333 rex
382 300 531 348 parvo
551 294 788 333 momento
809 283 840 330 fi
857 283 1116 344 adjuvisset,
1140 281 1409 346 debellatum
1433 281 1567 339 effen

279 355 836 421 opportuneiadhortanti
869 355 1129 418 supervenit
1164 356 1395 419 phalanx,
1429 372 1569 420 quam

278 430 353 477 sua
377 429 536 493 sponte
553 464 568 488 ,
600 445 655 476 ne
685 428 841 476 audaci
873 440 1031 490 coepto
1059 428 1279 486 deessent,
1305 427 1495 491 Hippias
1514 427 1568 475 δε

280 507 504 552 Leonatus
541 502 703 566 raptim
738 503 1050 560 adduxerant,
1083 504 1319 568 postquam
1352 501 1568 566 prospere

280 577 493 641 pugnasse
523 579 721 641 equitem
754 590 1041 640 acceperunt.
1077 578 1335 632 FluCtuante
1362 594 1466 641 rege
1494 576 1570 623 in-

279 663 347 698 ter
368 651 488 714 spem
519 664 781 714 metumque
806 662 940 697 tantae
971 651 1034 696 rei
1056 650 1277 698 conandae
1296 685 1308 708 ‚
1343 650 1570 697 Cretensis

280 724 520 782 Evander,
550 742 644 788 quo
669 724 876 772 ministro
908 724 1101 786 Delphis
1129 722 1184 770 ad
1209 723 1385 770 insidias
1403 726 1570 770 Eume-

281 799 352 844 nis
370 797 481 861 regis
505 799 607 845 usus
627 810 748 855 erat,
770 797 1005 861 postquam
1033 814 1190 861 agmen
1208 796 1571 860 impeditumve-

280 872 502 918 nientsum
545 871 623 918 sub
654 872 788 936 signis
822 871 958 929 vidit,
995 872 1050 917 ad
1083 888 1232 935 regem
1269 869 1495 927 accurrit,
1519 871 1572 916 δε

280 962 471 991 monere
510 944 699 1001 institit,
736 964 786 991 ne
814 950 947 991 elatus
972 945 1176 1003 filicitate
1195 945 1412 1006 summam
1441 961 1571 989 rerum

280 1035 422 1064 temere
449 1021 494 1063 in
527 1037 612 1062 non
646 1016 908 1080 neceffariam
930 1020 1075 1066 ,aleam
1109 1020 1235 1065 daret.
1267 1019 1320 1061 Si
1355 1030 1571 1067 contemtus

280 1095 378 1139 bene
404 1112 441 1139 re
465 1094 570 1158 gesta
600 1091 758 1155 quieſjee
780 1111 824 1137 eo
841 1094 903 1138 die
917 1128 928 1147 ,
951 1096 1019 1137 vel
1035 1095 1154 1152 pacis
1175 1092 1341 1158 honestae
1363 1091 1573 1137 condicio·

280 1184 371 1211 nem
393 1167 653 1218 habitarum,
678 1167 746 1209 vel
753 1165 957 1224 plurimos
975 1167 1067 1209 belli
1073 1165 1218 1224 socios
1233 1200 1248 1220 ,
1269 1165 1338 1224 qui
1344 1163 1572 1221 fhrtunam

269 1235 613 1300 skquerentumst
639 1237 781 1281 bellare
811 1238 962 1281 mallee.
996 1237 1044 1280 ln
1067 1235 1157 1281 hoc
1187 1233 1422 1281 confilium
1459 1248 1573 1294 pro-

283 1311 391 1356 nior
412 1322 504 1356 erat
524 1309 698 1355 animus
717 1308 845 1371 regis.
862 1311 1038 1372 ltaque,
1053 1308 1312 1355 collaudato
1326 1306 1544 1354 Evandro
1557 1339 1575 1362 ,

282 1385 403 1448 signa
441 1382 626 1439 referri,
655 1381 945 1444 peditumque
979 1397 1140 1444 agmen
1176 1378 1320 1428 redire
1351 1378 1402 1426 in
1436 1376 1573 1426 castra

281 1456 435 1518 jubet3
458 1454 682 1517 equitibus
707 1453 910 1516 receptui
930 1470 1105 1501 canere.

348 1529 445 1574 LX.
475 1528 694 1574 Cecidere
718 1543 777 1572 eo
804 1527 876 1572 die
905 1527 960 1573 ab
988 1524 1204 1573 Romanis
1231 1523 1413 1572 ducenti
1441 1522 1574 1587 equi-

283 1614 374 1660 tes,
394 1602 489 1648 duo
512 1602 651 1649 millia
666 1637 680 1659 ,
703 1600 821 1647 haud
844 1600 1019 1657 minus,
1042 1599 1266 1664 peditum3
1287 1597 1408 1661 capti
1434 1595 1575 1643 ferme

284 1676 467 1724 ducenti
501 1676 685 1740 equites,
731 1693 787 1727 ex
820 1675 949 1738 regiis
985 1689 1132 1722 autem
1170 1673 1335 1737 viginti
1369 1671 1576 1735 equites,

285 1750 580 1816 quadraginta
601 1751 770 1813 pedites
802 1749 1034 1797 interfeffi.
1063 1748 1303 1813 Postquam
1329 1746 1501 1794 rediere
1527 1745 1575 1795 in

286 1826 424 1872 castra
441 1826 636 1873 vistores
650 1864 661 1883 ,
680 1843 840 1873 omnes
856 1817 1036 1889 quidem
1057 1825 1169 1882 laeti,
1186 1836 1288 1871 ante
1301 1818 1415 1870 alios
1429 1822 1574 1870 Thra·

286 1915 390 1944 cum
411 1898 607 1946 insolens
629 1899 780 1945 laetitia
797 1898 1049 1945 eminebat:
1073 1915 1173 1944 cum
1196 1908 1333 1944 cantu
1357 1895 1478 1941 enim
1499 1894 1574 1941 su-

286 1969 458 2031 perfixa
492 1972 637 2033 capita
673 1972 867 2017 hostium
900 1982 1131 2033 portantes
1164 1970 1406 2016 redierunt.
1440 1968 1576 2031 Apud

286 2045 524 2092 Romanos
554 2062 647 2090 non
678 2044 889 2091 moestitia
922 2056 1094 2091 tantum
1126 2060 1180 2089 ex
1209 2042 1325 2089 male
1357 2042 1470 2106 gesta
1499 2057 1574 2098 re,

286 2115 359 2162 sed
382 2133 529 2177 pavor
552 2117 684 2163 etiam
705 2130 825 2174 erat,
846 2135 901 2165 ne
924 2116 1155 2179 extemplo
1176 2115 1313 2163 castra
1334 2114 1473 2161 hostis
1501 2129 1574 2176 ag·

287 2188 561 2250 grederetur.
611 2190 835 2237 Eumenes
876 2189 1081 2245 suadere,
1121 2201 1170 2236 ut
1213 2199 1334 2235 trans
1377 2187 1574 2232 Peneum

287 2260 547 2308 transferret
578 2263 740 2316 castren
772 2274 821 2309 ut
854 2280 938 2325 pro
970 2262 1256 2308 munimento
1281 2276 1458 2307 amnem
1493 2258 1575 2303 ha-

285 2335 441 2390 beret,
479 2334 586 2381 dum
636 2336 825 2396 perculsi
868 2336 1030 2382 milites
1076 2334 1251 2381 animos
1293 2331 1576 2394 colligerent.

286 2406 461 2454 Consul
493 2407 671 2454 moveri
702 2407 872 2470 flagitio
900 2407 1075 2454 timoris
1104 2405 1302 2454 fatendi:
1333 2404 1476 2452 vietus
1507 2414 1576 2449 ta-

286 2494 390 2526 men
434 2478 608 2526 ratione
627 2514 641 2539 ,
684 2479 862 2527 silentio
907 2479 1052 2526 noblis
1093 2476 1354 2525 transduffis
1399 2475 1576 2538 copiis,
