1673 3052
307 173 404 237 '3'62
480 175 572 222 JO.
610 171 1104 220 FREINSHEMH
1139 167 1496 217 SUPPLEM.

308 275 478 332 juberet.
511 281 613 321 dona
637 279 777 319 deinde
802 279 890 318 data
907 285 1088 329 praetexta
1103 276 1284 329 bullaque
1299 290 1435 326 aurea,
1453 278 1489 317 &
1502 288 1597 316 cum.

310 341 480 393 phaleris
521 341 644 381 aureis
675 353 822 391 equus,
852 347 1117 391 armaturaque
1154 341 1323 391 integra,
1361 341 1397 379 ἃ
1423 338 1596 389 pecuniae

310 405 466 455 fignatae
482 403 648 443 sestertia
673 401 923 454 quadraginta
954 401 1066 448 data,
1084 404 1119 442 &
1134 401 1307 441 vasorum
1329 410 1596 452 argenteorum

311 466 445 519 pondo
466 474 620 506 centurn
633 497 647 514 ‚
664 467 951 515 tentoriumque
975 476 1063 504 curn
1082 465 1190 504 omni
1214 465 1476 504 instrumento.
1500 462 1597 503 Lau.

311 529 447 568 datum
471 529 632 577 deinde,
649 529 914 578 majorumque
936 526 1000 578 spe
1015 526 1271 578 repletum,st
1290 528 1413 566 bonam
1427 527 1477 565 ad
1489 537 1599 564 cetera

309 589 394 628 belli
407 604 542 643 operam
561 588 858 641 praestitiffet‚in
875 588 1042 628 Africam
1059 588 1107 628 ad
1131 586 1342 627 exercitum
1361 586 1598 627 remiserunt.

366 660 497 701 XXV.
528 661 632 700 Inter
657 660 739 700 haec
763 661 811 699 de
827 649 976 699 Claudii
993 658 1169 700 Marcelli
1186 658 1262 698 fine
1286 658 1485 709 cognitum
1501 689 1512 708 ‚
1531 657 1598 708 qui

312 732 407 761 cum
433 722 584 762 duobus
607 722 688 763 aliis
714 722 953 762 senatoribus
974 722 1022 762 ad
1037 722 1269 762 Masinissam
1285 720 1434 773 legatus
1457 720 1597 760 fuerat.

313 784 492 836 Indigere
515 785 660 826 bellum
684 786 894 836 majoribus
912 785 959 825 ab
975 799 1025 824 eo
1039 798 1129 836 rege
1149 785 1320 824 subsidiis
1342 783 1493 824 senatus
1515 795 1598 822 cre-

316 847 488 896 diderat,
513 849 548 887 &
564 848 613 887 ad
632 861 676 888 ea
703 847 961 898 comparanda
981 847 1172 896 legatione
1187 846 1256 886 tali
1284 859 1382 898 opus
1409 845 1494 885 effe.
1521 836 1602 885 Sed

313 906 462 947 inutilis
492 921 537 948 ea
565 921 680 959 opera
710 909 813 949 fuit:
852 921 977 959 neque
1009 908 1183 958 praeverti
1209 908 1334 948 fatum
1361 906 1459 957 regis
1488 905 1599 946 Mar-

315 968 458 1018 cellus,
486 983 612 1020 neque
635 971 753 1010 vitare
781 969 892 1009 suum
921 969 1074 1021 potuit,
1100 981 1167 1019 per
1184 968 1448 1019 tempestatem
1477 967 1600 1008 fracto

314 1028 473 1083 navigio
489 1032 672 1072 fluctibus
693 1032 857 1072 haustus.
876 1032 1025 1072 Interea
1040 1031 1083 1071 L.
1098 1028 1326 1080 Calpurnius
1339 1029 1422 1070 Piso
1436 1027 1569 1068 consul
1585 1058 1602 1077 ,

316 1093 445 1143 primo
472 1106 559 1133 vere
580 1106 628 1132 ex
656 1093 783 1134 Sicilia
807 1092 1019 1144 profectus,
1044 1092 1084 1130 in
1111 1091 1279 1132 Africam
1304 1091 1479 1142 appulit3
1507 1102 1600 1129 una·

317 1168 393 1205 que
421 1154 462 1195 L.
485 1155 690 1195 Mancinus
714 1163 875 1206 praetor,
898 1153 959 1193 cui
984 1152 1104 1192 claffis
1128 1162 1318 1192 evenerat.
1348 1153 1419 1192 His
1438 1164 1482 1191 ea
1502 1151 1599 1192 ratio

318 1215 411 1256 belli
435 1215 607 1267 placuit,
633 1225 676 1256 ut
700 1216 926 1267 Carthagine
954 1217 989 1255 ἃ
1014 1214 1141 1254 castris
1171 1212 1419 1255 Hasdrubalis
1441 1211 1603 1252 abstinc-

321 1288 441 1319 rent:
474 1278 595 1318 socias
623 1286 775 1317 tantum
802 1276 957 1316 illorum
986 1275 1100 1315 urbes
1127 1274 1280 1315 obirent
1305 1274 1598 1326 avellerentque.

317 1340 466 1388 Prima,
481 1351 554 1379 nec
580 1340 668 1378 satis
691 1339 798 1379 felici
815 1337 984 1388 auspicio
998 1367 1010 1386 ,
1031 1344 1177 1377 tentata
1199 1336 1343 1388 Clupea
1360 1336 1457 1378 fuit:
1483 1350 1599 1388 quam

315 1409 418 1442 terra
447 1401 618 1452 marique
647 1401 779 1440 frustra
809 1407 1070 1451 oppugnatam
1095 1399 1318 1439 omiserunt.
1361 1400 1511 1440 Novam
1538 1407 1602 1439 ta-

319 1479 414 1506 men
439 1465 603 1511 urbem,
635 1464 865 1515 propiquam
893 1462 1047 1513 Clupeae
1072 1462 1177 1513 cepit
1201 1461 1308 1510 Piso,
1331 1461 1603 1512 diripiendam-

320 1542 397 1580 que
419 1527 535 1568 militi
554 1528 686 1568 dedit:
709 1538 940 1578 quamquam
957 1523 1090 1565 violari
1116 1526 1155 1564 in
1171 1524 1208 1563 se
1230 1523 1321 1563 belli
1335 1525 1417 1573 jura
1433 1553 1444 1572 ,
1466 1523 1600 1564 fidem-

320 1605 396 1643 que
422 1606 444 1631 a
470 1590 627 1631 consule
652 1591 783 1630 datam
809 1589 961 1640 insuper
990 1586 1122 1628 haberi
1147 1587 1391 1639 Neapolitani
1416 1587 1601 1627 testaren-

320 1660 395 1693 tur.
416 1652 525 1694 Nihil
551 1652 689 1692 exinde
708 1650 931 1702 prosperum
947 1648 1069 1689 Pisoni
1085 1648 1181 1695 fuit,
1203 1648 1276 1687 sive
1298 1647 1392 1688 laesae
1407 1648 1496 1687 fidei
1520 1662 1602 1699 poe-

320 1729 412 1755 nam
440 1715 666 1766 reposcente
690 1715 868 1763 numine;
889 1713 961 1752 {ive
986 1710 1162 1751 adversus
1185 1710 1341 1750 fallaces
1366 1709 1442 1750 hoc
1467 1711 1603 1750 acerri-

323 1791 433 1817 mum
460 1776 722 1817 laborantibus
752 1775 871 1815 telum
902 1775 977 1823 est,
1000 1772 1096 1814 nihil
1120 1774 1159 1812 in
1183 1773 1371 1824 promissis
1392 1781 1539 1812 certum
1555 1773 1600 1812 fi-

324 1843 495 1893 dumque
520 1842 595 1882 effe
620 1843 801 1890 credere,
829 1854 899 1881 nec
927 1840 1039 1890 alibi,
1072 1839 1140 1879 nisi
1170 1839 1209 1878 in
1233 1838 1464 1890 semetipsis,
1493 1839 1602 1890 spem

325 1905 479 1945 habere.

398 1975 548 2015 XXVI.
586 1975 699 2016 Unde
729 1988 818 2015 cum
851 1975 899 2014 ad
928 1974 1162 2025 Hippagreta
1200 1972 1394 2012 adductus
1417 1972 1603 2012 exercitus

263 2040 266 2041 ’
327 2035 418 2076 effet
438 2066 449 2080 ,
479 2036 613 2075 urbem
643 2049 818 2087 magnam
833 2067 843 2085 ,
862 2035 1051 2075 moenibus
1064 2065 1077 2082 ‚
1101 2036 1137 2073 ἃ
1163 2045 1268 2082 arce,
1287 2035 1321 2073 &
1338 2033 1523 2084 portubus
1537 2065 1548 2082 ,
1566 2034 1603 2072 Gt

327 2098 527 2138 navalibus
545 2098 592 2138 ab
617 2099 824 2149 Agathocle
847 2097 1041 2150 Syracusio
1058 2096 1217 2148 pulchre
1242 2097 1518 2136 communitam
1535 2125 1545 2142 ‚
1563 2095 1602 2133 in

327 2161 523 2200 obsidione
545 2173 641 2199 vana
663 2167 743 2199 tota
771 2161 871 2200 aestas
893 2162 1054 2198 contrita
1079 2159 1145 2199 est.
1165 2159 1268 2199 Inter
1283 2160 1437 2200 Uticam
1461 2160 1495 2198 &
1514 2158 1602 2197 Car-

325 2223 522 2273 thaginem
550 2229 657 2262 erant
685 2222 918 2273 Hippagreta
937 2253 948 2270 ‚
980 2221 1273 2272 diripiendoque
1297 2234 1438 2268 naves,
1463 2219 1601 2271 quibus

328 2287 376 2326 ab
406 2288 517 2328 Utica
544 2295 780 2326 commeatus
804 2286 843 2325 in
862 2285 976 2324 castra
1001 2283 1199 2324 consulum
1227 2283 1474 2336 portabatur,
1491 2282 1603 2333 copia

377 2425 399 2465 ς
424 2424 546 2456 XXW.
570 2425 691 2457 Zonar.
718 2423 863 2466 Appian.
882 2421 957 2456 Liv.
980 2422 1069 2466 Epir,
1090 2421 1113 2466 S
1136 2421 1245 2458 XXV.
1274 2419 1348 2455 Liv.
1366 2418 1456 2464 Epit.
1478 2417 1602 2453 Zonar-

325 2468 471 2512 Appian.
499 2469 642 2506 Diodor.
663 2481 717 2515 ap.
742 2468 857 2505 vales.

1228 2595 1256 2607 Χ
