1673 3052
255 175 335 223 ΙΝ
380 174 552 222 LOC.
599 175 735 222 LIB.
777 175 961 223 XL'IX
1010 176 1156 224 LIV.
1260 174 1380 242 ²335

65 297 71 305 ’
94 283 211 336 Byrsa
238 296 392 336 quoque
416 283 517 332 fuit,
537 291 602 322 arx
621 282 882 335 Carthaginis,
904 283 1043 335 triplex
1066 284 1142 324 fuit
1166 295 1297 325 murus
1316 286 1388 325 cir..

97 345 330 392 cumdatus,
351 344 392 383 in
415 342 660 383 altitudinem
686 344 841 394 triginta
868 344 1113 394 cubitorum,
1138 358 1212 396 qua
1238 358 1388 397 propuo

96 406 260 457 gnacula
277 407 312 447 &
332 413 454 445 turres
481 419 561 445 non
582 413 689 445 erant
715 406 877 448 additae:
900 406 959 446 his
978 407 1081 447 enim
1099 408 1148 448 ad
1170 407 1265 448 alios
1288 422 1390 460 quo-

98 480 173 519 que
196 467 350 508 cubitos
377 466 513 507 decem
544 467 765 507 crescebant
787 468 957 507 moenia:
985 482 1150 519 quorum
1178 477 1298 510 turres
1330 472 1386 510 bi-

95 543 192 570 num
221 531 390 572 maxime
415 531 594 580 jugerum
623 529 742 580 spatio
770 530 869 569 inter
890 529 927 570 se
951 531 1164 581 distabant,
1189 534 1238 572 ad
1262 535 1388 573 conti⁶

97 594 301 644 gnationes
323 601 487 644 quatuor
511 593 683 643 edustae,
703 593 851 645 pedum
871 595 1027 647 triginta
1050 595 1297 638 altitudinem
1321 598 1390 638 lia-

95 655 278 710 bentibus
306 654 582 695 fundamentis.

155 718 359 759 XXXIX.
389 718 474 770 Ipsa
500 720 642 759 moenia
666 717 767 759 binis
794 719 968 761 distincta
998 720 1204 762 tabulatis:
1229 723 1387 763 interius

99 791 194 820 cava
224 781 454 832 recipiendis
489 782 704 834 elephantis
735 782 881 823 stabula
910 790 1017 822 erant
1044 783 1204 832 structa,
1227 785 1387 834 adjectis

98 843 218 887 etiam
248 842 394 883 horreis
427 845 476 884 ad
500 844 643 896 pabula
671 845 839 896 ipsorum
868 844 1100 885 asservanda.
1133 847 1317 888 Similiter
1347 850 1388 888 in

97 905 290 957 superiore
310 908 431 958 spatio
454 907 639 947 stabulare
660 916 837 958 poterant
853 921 1038 959 equorum
1061 909 1182 950 millia
1205 923 1388 961 quatuor⁹

99 978 190 1005 cum
215 966 281 1008 suo
309 969 344 1007 ἃ
368 967 436 1017 ipfi
462 980 579 1018 penu.
621 968 804 1008 Praeterea
830 969 996 1009 militum
1021 969 1168 1010 ibidem
1192 983 1298 1011 erant
1325 987 1389 1013 cu..

100 1027 214 1079 bilia,
241 1042 324 1079 quae
356 1029 537 1079 peditum
562 1029 698 1080 viginti
721 1030 842 1070 millia
872 1040 1075 1081 caperent,
1103 1033 1276 1083 equitum
1297 1049 1390 1086 qua-

98 1098 200 1131 tuor.
238 1092 386 1132 Tantus
416 1090 482 1130 hic
510 1099 714 1141 apparatus
740 1091 820 1130 solo
849 1093 1037 1132 moenium
1067 1093 1187 1144 spatio
1217 1098 1390 1136 contine..

99 1151 223 1190 batur.
261 1152 324 1192 Sic
350 1159 431 1191 tota
456 1163 590 1190 eorum
613 1150 779 1192 latitudo
811 1153 859 1191 ad
886 1153 983 1192 duos
1014 1156 1048 1193 ὃ(
1078 1155 1216 1206 viginti
1238 1157 1390 1198 cubitos

99 1207 325 1260 pertinebat.
360 1209 408 1250 In
433 1217 512 1249 tam
541 1219 718 1250 accurata
745 1212 960 1252 munitione
986 1212 1090 1252 urbis
1116 1226 1213 1255 unus
1238 1224 1389 1258 tantum

97 1270 260 1322 angulus
274 1302 285 1320 ,
299 1271 364 1322 qui
387 1284 438 1311 ex·
458 1284 568 1311 muro
588 1280 721 1322 praeter
743 1272 935 1324 linguam,
955 1274 1003 1313 de
1025 1287 1098 1325 qua
1116 1274 1218 1323 dixi,
1237 1276 1285 1314 ad
1302 1290 1389 1326 por-

101 1339 163 1372 tus
179 1331 408 1372 deflectebat
419 1363 430 1382 ,
445 1333 618 1373 infirmus
635 1341 727 1380 erat,
747 1336 782 1374 δε
795 1336 874 1382 jam
888 1335 977 1374 inde
994 1329 1041 1375 ab
1056 1336 1165 1376 initio
1181 1337 1389 1388 negleeffus.

156 1394 241 1434 XL.
281 1394 465 1434 Portuum
494 1403 624 1435 autem
660 1394 726 1434 hic
753 1403 833 1436 erat
858 1396 947 1437 sltUS
963 1428 973 1447 ‚
993 1405 1037 1438 ut
1058 1411 1105 1438 ex
1133 1398 1251 1439 altero
1277 1401 1317 1439 in
1340 1401 1392 1440 al»

99 1461 227 1494 terum
255 1456 423 1506 navigari
455 1456 601 1507 pollet,
634 1458 669 1497 ἄ
702 1469 722 1496 a
749 1457 843 1498 mari
873 1459 1114 1500 venientibus
1145 1461 1270 1502 aditus
1300 1464 1391 1503 esset

101 1517 276 1569 passuum
300 1517 566 1568 septuaginta,
583 1517 647 1568 qui
673 1519 816 1558 catenis
845 1519 975 1559 ferreis
993 1521 1254 1563 claudebatur.
1288 1525 1391 1564 Prior

102 1578 244 1618 horum
271 1587 453 1629 portuum
481 1579 786 1630 negotiatoribus
814 1580 997 1631 patebat,
1013 1581 1218 1632 multisque
1242 1586 1277 1624 ὃς
1298 1588 1390 1625 varii

102 1640 191 1680 usus
217 1638 384 1680 tabernis
409 1649 489 1680 erat
504 1642 715 1682 instruaus.
742 1643 782 1682 in
808 1644 990 1682 interiore
1013 1643 1165 1693 jacebat
1188 1646 1308 1687 insula
1332 1662 1394 1687 ro-

102 1703 247 1752 tunda,
271 1703 333 1742 cui
359 1703 491 1743 Cothon
512 1712 591 1742 erat
612 1717 776 1751 nomen,
794 1704 925 1755 (quasi
941 1718 1096 1755 parvam
1115 1706 1289 1757 diceres)
1315 1724 1391 1750 cre-

102 1764 304 1818 pidinibus
325 1766 475 1817 magnis
503 1769 538 1807 &
567 1766 687 1818 ipsam
709 1770 743 1811 δε
766 1776 921 1818 portum
946 1770 1246 1813 continentibus.
1269 1774 1308 1812 in
1328 1773 1391 1814 his

101 1827 362 1877 crepidinibus
378 1826 465 1867 loca
481 1837 589 1867 erant
605 1842 722 1869 manu
735 1829 835 1869 facta
852 1830 1084 1881 recipiendis
1105 1832 1282 1881 navibus,
1298 1849 1390 1888 qua

104 1900 190 1927 rum
215 1888 272 1927 ibi
297 1888 391 1928 stare
420 1890 469 1928 ad
499 1887 683 1929 ducentas
713 1890 851 1941 viginti
877 1900 1080 1942 potera:11t
1110 1895 1144 1934 Sc
1175 1894 1284 1946 supra
1310 1897 1390 1949 ipla

102 1950 260 1989 navium
284 1950 525 2001 receptacula
560 1951 703 1991 strud‘cae
728 1961 836 1992 erant
862 1953 991 2001 cellae,
1019 1955 1155 2005 quibus
1177 1970 1393 1997 armamen-

104 2019 145 2049 ta
172 2012 207 2050 &
230 2008 401 2062 supellex
424 2013 579 2052 nautica
605 2012 860 2055 clauderetur.
879 2015 927 2055 ab
946 2016 1242 2069 uniuscujusque
1266 2020 1392 2059 statio-

103 2072 163 2112 -nis
185 2070 365 2113 lateribus
391 2074 662 2124 prominebant
686 2074 874 2117 columnae
903 2078 1026 2128 operis
1050 2078 1204 2127 Jonici,
1220 2078 1391 2129 speciem

105 2137 280 2188 porticus
317 2138 486 2188 undique
516 2138 722 2178 reddentes
750 2139 970 2180 visentibus.
1008 2142 1052 2181 In
1078 2141 1157 2192 ipsa
1185 2142 1305 2182 imula
1328 2153 1396 2182 tae

104 2197 358 2240 bernaculum
384 2210 462 2240 erat
488 2202 667 2252 praefee‘to
692 2202 838 2253 classis,
860 2206 961 2244 unde
986 2204 1036 2257 fig
1024 2218 1132 2245 num
1156 2206 1248 2245 tuba
1274 2207 1391 2246 daba

104 2269 192 2311 tur,
214 2264 248 2302 ἂ
272 2254 395 2313 praeco
412 2263 614 2315 edicebat,
639 2269 673 2307 ἃ
690 2268 857 2318 praefen‘l
852 2282 891 2307 is
909 2268 986 2320 ipse
1010 2269 1276 2326 prospiciebat
1298 2285 1388 2310 nam

102 2323 147 2363 in
174 2324 297 2375 primo
321 2334 454 2376 portus
483 2342 547 2368 ore
575 2342 665 2369 cum
690 2332 810 2381 posita
835 2332 925 2371 ellet
952 2333 1101 2378 insula
1134 2334 1182 2373 fic
1217 2348 1260 2374 ea
1292 2348 1388 2386 pre

157 2434 179 2476 5
205 2434 395 2469 XXXVIII.
417 2435 524 2469 Str-ab.
550 2438 571 2470 l.
606 2447 656 2477 17.
679 2438 825 2482 Appiam.
846 2440 947 2473 Or.0s
977 2453 1020 2482 4,
1044 2453 1098 2478 22.
1120 2442 1238 2480 sustin
1265 2445 1328 2485 18.
1357 2454 1391 2482 7

109 2477 212 2512 Diod.
237 2482 260 2515 1
287 2490 343 2525 32.
372 2482 394 2527 5
419 2480 577 2517 XXXIX.
602 2482 708 2519 strab.
739 2484 885 2529 Appian.
911 2485 1055 2523 Diodor
