1673 3052
324 203 416 248 432
493 188 583 237 ιο.
634 187 1153 248 famusHEMu
1188 166 1551 242 suppLEM.

322 308 418 346 puer
439 303 518 334 erat
536 308 544 335 :
574 307 689 345 quem
709 295 749 334 in
774 295 923 346 Syriam
945 295 1180 347 adductum,
1203 298 1380 349 protinus
1398 298 1614 341 deficienti-

320 358 393 397 bus
419 358 467 398 ad
495 370 608 405 eum,
635 370 728 409 quas
752 357 968 399 Demetrius
992 358 1228 401 sacramento
1255 361 1440 414 solverat,
1463 365 1612 416 copiis,

320 419 434 469 regiis
468 419 674 470 insignibus
702 427 823 458 ornat.
870 419 1052 460 Occurrit
1081 422 1118 460 δι
1147 433 1237 462 cum
1266 422 1340 462 suis
1367 422 1609 467 Demetrius:

319 482 385 523 secl
401 496 529 534 pugna
551 482 749 522 commiffa
776 483 952 523 vincitur.
980 483 1174 525 Diodotus
1191 485 1422 537 elephantos
1435 519 1447 537 ‚
1465 489 1502 529 &
1518 501 1611 530 mox

320 546 563 588 Antiochiam
590 546 728 586 urbem
743 577 754 595 ‚
779 547 819 586 in
845 548 1073 598 potestatem
1091 550 1256 603 redigit:
1283 551 1419 602 sponte
1443 553 1612 604 oppida-

317 623 481 658 norum,
506 609 646 660 quibus
670 608 883 649 Antiochus
912 610 1153 661 Epiphanes,
1187 614 1223 652 Sc
1249 613 1314 663 qui
1339 613 1388 653 ab
1418 627 1466 654 eo
1493 615 1612 664 jaeta-

319 670 414 710 bant
439 682 582 721 genus,
604 669 767 710 comiter
797 670 1056 721 praefuerant3
1083 671 1302 712 Demetrius
1329 674 1429 724 patri
1455 687 1608 726 avoque

318 731 478 778 similis,
506 739 550 771 ut
586 730 738 781 propria
772 728 831 768 illi
859 729 1016 770 familiae
1045 730 1218 782 superbia
1247 731 1530 785 crudelitasque
1557 735 1613 774 vi-

316 792 497 840 deretur,
521 790 715 830 effecerat.
740 789 959 830 Demetrius
982 805 1071 831 cum
1098 792 1332 834 Laodiceam
1362 795 1607 848 perfugisset,

314 867 364 893 ne
391 853 551 893 adverfis
578 852 735 903 quidem
761 853 885 892 fastus
908 855 1208 905 temperantior,
1230 869 1298 909 per
1320 858 1550 909 voluptates
1569 862 1606 900 &

311 916 465 958 suorum
505 914 688 965 injurias,
718 913 935 954 luxuriosus
964 915 1076 955 hmul
1105 919 1140 958 ἃ
1169 917 1310 968 saevus,
1342 921 1498 970 ingenio
1528 921 1601 960 ob-

316 978 558 1031 sequebatur.

366 1043 443 1083 LV.
472 1041 624 1089 Postea,
653 1049 742 1079 cum
773 1038 827 1079 ibi
854 1050 1007 1090 quoque
1032 1048 1159 1081 tutum
1182 1041 1221 1080 se
1253 1042 1336 1082 fore
1363 1042 1603 1095 desperaret,

315 1105 355 1143 in
379 1101 553 1143 Ciliciam
571 1098 776 1147 conceffit3
799 1098 1060 1150 Seleuciaeque
1075 1100 1154 1154 (ad
1169 1100 1422 1143 Calicadnum
1446 1118 1603 1147 amnem

312 1166 377 1206 fita
401 1165 490 1204 urbs
511 1162 592 1211 est)
608 1161 844 1212 aliquamdiu
866 1163 1013 1213 regiam
1031 1161 1191 1202 habuit:
1213 1177 1316 1210 cum,
1340 1166 1460 1206 veluti
1476 1169 1600 1209 divitis

310 1229 423 1279 Syriae
452 1226 615 1278 opibus,
640 1224 849 1265 Antiochus
878 1238 974 1276 puer
1000 1237 1091 1264 cum
1116 1236 1241 1265 tutore
1263 1226 1436 1266 Diodoto
1468 1229 1601 1267 Antio-

310 1291 407 1331 chiae
432 1297 617 1342 regnaret.
655 1290 712 1329 De
734 1288 795 1328 his
821 1289 936 1329 rebus
972 1288 1112 1328 crebrae
1143 1302 1210 1340 per
1241 1289 1281 1329 id
1314 1298 1469 1341 tempus
1497 1289 1600 1342 lega-

309 1355 435 1390 tiones
460 1363 480 1389 a
506 1352 657 1399 regibus
682 1350 979 1402 civitatibusque
1001 1351 1092 1391 Afiae
1118 1351 1286 1391 Romam
1310 1361 1511 1395 venerunt.
1540 1353 1601 1393 In-

309 1424 367 1454 ter
382 1426 477 1464 quos
495 1414 530 1452 ἃ
553 1411 600 1451 ab
614 1409 854 1460 Jonathane,
869 1411 1092 1459 Judaeorum
1116 1414 1310 1466 principe,
1331 1417 1491 1467 quidam
1513 1417 1600 1456 mis·

308 1477 360 1525 fi,
380 1475 534 1523 foedus,
555 1474 660 1524 quod
688 1473 855 1524 populus
887 1473 1085 1514 Romanus
1113 1487 1201 1515 cum
1223 1478 1340 1517 fratre
1368 1476 1597 1526 Jonathauis

308 1539 408 1588 juda
438 1538 662 1588 pepigerat,
690 1543 933 1575 renovarunt.
969 1535 1138 1586 Magnus
1159 1536 1226 1576 hic
1244 1539 1300 1577 vir
1328 1541 1363 1579 ἅ
1391 1539 1594 1579 industrius

307 1599 540 1647 habebatur,
558 1601 591 1638 ἃ
611 1596 677 1636 illo
702 1610 855 1647 quoque
878 1596 980 1636 bello
996 1628 1006 1645 ‚
1029 1610 1119 1636 cum
1133 1598 1306 1648 ,injuriis
1326 1600 1514 1641 Demetrii
1531 1614 1595 1641 co-

307 1664 439 1710 nclus,
468 1674 557 1700 cum
584 1658 754 1699 hostibus
781 1661 862 1708 ejus
897 1658 1120 1699 societatem
1148 1660 1340 1710 inivisset„
1375 1676 1513 1714 magna
1538 1662 1597 1702 illi

309 1724 453 1764 (lamna
478 1721 688 1768 intulerat,
718 1720 816 1771 saepe
844 1720 934 1759 fulls
965 1721 1076 1774 regiis
1104 1722 1357 1772 praetoribus,
1389 1725 1424 1764 ἃ
1456 1733 1595 1775 praeter

307 1785 533 1827 Ascalonem
548 1814 560 1832 ,
579 1784 722 1823 Gazam
734 1812 745 1830 ,
762 1781 993 1821 'Damascum
1006 1813 1018 1829 ,
1036 1781 1288 1824 nobilissimas
1314 1783 1426 1825 urbes
1440 1816 1451 1835 ‚
1473 1785 1594 1836 plera-

308 1861 381 1900 que
413 1847 622 1887 Phoeniciae
652 1852 759 1895 parte
783 1844 977 1884 abstracta.

363 1911 457 1950 LVI.
487 1909 590 1948 Dum
626 1908 707 1946 haec
731 1908 769 1945 in
802 1907 907 1958 Syria
935 1914 1142 1958 geruntur,
1171 1907 1211 1947 L.
1238 1906 1482 1957 Mummiue,
1505 1921 1594 1960 pro-

308 1973 417 2012 fectis
440 1984 485 2010 ex
510 1971 653 2020 Aeliaja
686 1969 843 2020 legatis,
867 1969 992 2008 donec
1018 1969 1177 2021 praesens
1201 1970 1313 2010 status
1337 1969 1593 2020 coalesceret,

306 2033 482 2074 simulne
502 2032 603 2071 forte
624 2032 793 2070 motibus
816 2031 981 2071 Orientis
998 2043 1127 2070 recens
1154 2031 1313 2072 stabilita
1334 2030 1487 2072 Graeciae
1504 2033 1589 2072 Ma-

308 2096 555 2145 cedoniaeque
589 2107 665 2144 pax
699 2093 984 2142 sollicitaretur,
1012 2092 1279 2144 aliquantisper
1304 2092 1475 2132 substitit.
1513 2107 1589 2144 quo

308 2170 484 2209 tempore
512 2159 548 2196 ἃ
581 2156 686 2207 quod
715 2157 754 2194 in
781 2155 923 2195 Isthmo
958 2155 1161 2194 delubrum
1185 2155 1261 2205 est,
1286 2155 1527 2203 instauravit,
1555 2158 1590 2196 δι

309 2222 543 2273 Delphicum
560 2220 749 2270 templum
765 2220 927 2266 ornavit,
941 2219 1055 2258 etiam
1073 2218 1264 2270 Olympiae
1279 2219 1416 2268 Jovem
1429 2231 1590 2268 aeneum,

307 2286 475 2380 itemque
508 2281 663 2332 clypeos
690 2280 884 2320 inauratos·
919 2293 1040 2320 unum
1070 2282 1104 2320 Sc
1132 2279 1292 2331 viginti,
1323 2280 1372 2319 de
1398 2278 1588 2319 manubiis

358 2414 378 2445 G
406 2412 707 2457 I,1V.L'1v.Fpit.
733 2411 870 2457 Joseph
889 2413 1033 2445 Ὸὶηὶον.
1053 2411 1208 2444 h'c.laliab
1249 2411 1268 2447 Ε
1296 2410 1365 2443 LV.
1392 2410 1471 2441 Ῑηὶν
1497 2409 1586 2453 Epit.

311 2458 555 2492 111seb.Str·rb.
585 2460 643 2500 lib.
670 2458 720 2491 ιζ·
747 2470 780 2500 p
816 2469 873 2494 ἠπ
910 2458 942 2490 ὃς
975 2459 1048 2489 1(1
1075 2457 1155 2489 edit
1189 2456 1378 2489 Calaubon.
1409 2453 1588 2497 Iosephus

351 2504 465 2536 ὶ«φιλ1.
