1673 3052
310 196 405 260 396
471 197 562 247 JO.
597 194 1100 244 FREINSHEMII
1141 193 1496 243 SUPPLEM.

368 304 506 345 XLVI.
537 306 589 346 Ut
608 311 738 344 autem
759 303 887 352 fame,
908 302 1068 355 vigiliis,
1089 302 1310 351 laboribus,
1335 304 1372 344 &
1393 311 1500 342 metu
1518 302 1595 343 im·

312 366 542 405 minentinm
566 366 758 413 confesti,
779 363 1030 405 succumbere
1049 372 1108 404 tot
1132 364 1309 405 aerumnis
1325 376 1503 416 coepere3r
1525 365 1597 405 de-

312 424 435 475 sertis,
459 441 541 477 qua:
557 427 701 466 circum
722 436 851 473 erant,
868 428 910 466 in
934 426 1053 477 ipsam
1077 427 1198 466 aedem
1223 426 1260 466 se
1285 426 1493 467 inclusere:
1511 439 1595 468 non

312 488 417 537 quod
440 488 522 538 spes
548 487 623 528 ulla
649 487 875 539 superesset,
898 487 965 528 sed
990 487 1070 541 ipsa
1094 487 1359 540 desperatione
1386 488 1514 528 adhuc
1542 501 1598 531 ex

311 553 414 591 testo
435 552 524 591 aedis
545 550 621 591 sese
644 550 847 592 defensuri.
870 552 920 592 At
939 548 1003 589 ille
1018 548 1287 601 magniloquus
1311 551 1347 590 &
1361 549 1594 590 inconcuffae

312 611 558 653 firmitudinis
585 614 791 653 ostentator
810 612 1052 659 Hasdrubal,
1078 610 1186 652 nullo
1212 610 1388 660 conscio,
1403 625 1453 653 ne
1475 625 1594 653 uxore

311 675 472 725 quidem
493 683 558 715 aut
580 675 711 716 liberis
732 675 966 724 admonitis,
986 675 1034 714 ad
1059 686 1181 725 genua
1205 674 1394 725 Scipionis
1423 687 1513 713 cum
1535 687 1594 713 ra-

309 736 384 776 mis
405 737 497 777 oleae
521 738 683 790 supplex
710 738 930 790 procubuit.
969 739 1098 789 Quem
1124 738 1192 777 ubi
1221 739 1342 789 pedes
1369 737 1594 778 afficientem

310 800 517 850 proconsul
542 802 704 849 ostendit
733 802 938 854 transfugis
953 832 965 851 ‚
992 800 1140 841 mentio
1165 801 1395 853 impetrato,
1417 800 1594 841 convicia

312 863 484 913 dirasque
515 865 555 902 in
582 864 692 904 illum
724 865 907 916 jaculati,
933 865 1058 906 aedem
1081 864 1363 915 incenderunt,
1385 872 1429 905 ut
1453 863 1595 904 eodem

311 925 401 977 igne
426 926 688 977 sepelirentur.

366 989 522 1029 XLVII.
548 989 654 1029 Inter
676 989 784 1029 illam
807 988 1066 1030 neceffitatem
1084 1001 1183 1028 uxor
1197 983 1462 1032 Hasdrubalis,
1479 991 1596 1034 quam

311 1058 491 1100 potuerat
518 1050 776 1102 pulcherrime
807 1060 964 1100 ornata,
989 1051 1109 1092 fertur
1141 1064 1190 1090 ex
1221 1048 1378 1089 adverso
1403 1046 1596 1097 Scipionis

313 1126 403 1153 cum
422 1114 550 1155 liberis
575 1115 674 1162 suis,
697 1115 843 1166 templo
865 1117 944 1165 jam
962 1115 1160 1165 flagrante,
1176 1111 1379 1153 constitisse
1393 1106 1598 1160 3⁴elataque

311 1190 409 1216 voce
439 1177 522 1216 haec
546 1187 701 1228 precata
722 1178 820 1217 esse:
851 1178 928 1216 Tibi
953 1179 1110 1230 quidem,
1133 1176 1318 1223 Romane,
1342 1172 1598 1213 nihil'eveniat

311 1240 356 1279 οἶν
376 1240 438 1292 ista
458 1240 552 1277 mala
566 1271 576 1287 ,
594 1255 667 1292 quae
690 1253 809 1279 contra
830 1239 980 1294 hostilem
998 1241 1110 1278 urbem
1133 1239 1215 1277 belli
1229 1237 1309 1290 jure
1329 1235 1517 1288 commisisti
1531 1250 1541 1274 .-
1557 1243 1597 1272 at

313 1302 359 1339 ab
381 1302 444 1339 hoc
467 1303 696 1351 Hasdrubale
716 1302 869 1355 patriae,
882 1304 1084 1356 sacrorum,
1108 1301 1237 1354 meique
1261 1301 1297 1340 δ’
1320 1299 1499 1337 liberorum
1518 1309 1600 1350 pro-

313 1363 438 1410 ditore,
455 1366 524 1402 Dii
542 1366 766 1417 Carthaginis
779 1395 792 1411 ‚
806 1366 840 1404 ἃ
854 1376 892 1402 tu
913 1378 986 1402 cum
1002 1363 1093 1402 Diis
1107 1394 1118 1411 ,
1133 1362 1341 1414 promeritas
1348 1373 1478 1413 poenas
1494 1374 1596 1412 expe-

313 1425 428 1465 tatis!
449 1439 539 1464 mox
565 1426 604 1465 in
629 1426 750 1465 virum
780 1425 955 1466 sermone
979 1424 1165 1475 vultuque
1189 1424 1370 1466 converso
1385 1454 1398 1472 ‚
1422 1424 1474 1462 Tu
1491 1437 1598 1470 vero,

305 1485 608 1540 fhcinorofiffime‚
630 1489 908 1541 perfidiffi‘meque
931 1490 966 1528 ὅ*
993 1488 1270 1542 effiminatiffi'me
1293 1487 1488 1528 mortalium
1502 1516 1514 1534 ‚
1540 1485 1599 1524 in-

317 1548 401 1597 quit
415 1578 425 1593 ,
437 1548 511 1600 jam
526 1551 661 1602 quidem
676 1565 727 1588 me
752 1565 828 1588 cum
855 1551 975 1589 liberis
988 1552 1225 1589 communibus
1239 1552 1303 1590 hoc
1325 1550 1519 1589 incendium
1544 1559 1599 1585 tu·

316 1610 475 1648 mulabit.
509 1621 550 1647 at
583 1622 621 1648 tu
644 1611 748 1662 quale
775 1612 827 1650 ad
849 1613 993 1651 dedecus
1015 1613 1196 1665 servaris,
1224 1611 1434 1664 triumphum
1458 1609 1600 1648 vislerio

317 1684 523 1719 ornaturus,
540 1673 616 1709 dux
635 1686 767 1724 magnae
785 1674 1010 1727 Carthaginis
1022 1674 1044 1712 ἓ
1059 1689 1149 1725 quas
1164 1675 1284 1727 postea
1297 1688 1422 1727 paetzas
1434 1671 1526 1719 huic,
1541 1672 1600 1710 cui

316 1748 411 1773 nunc
418 1733 573 1786 supplex
597 1733 719 1784 affia'es
733 1765 745 1782 ,
764 1736 868 1773 dabis
880 1737 901 1776 ?
929 1735 1024 1776 Haec
1039 1734 1113 1775 ubi.
1132 1733 1310 1782 dixisset,
1325 1733 1425 1775 filios
1451 1731 1602 1784 jugula-

315 1804 378 1836 tos
405 1797 444 1836 in
468 1798 608 1847 ignem«
627 1799 765 1847 mittit3
793 1799 980 1850 superque
1006 1799 1108 1851 ipsos
1133 1799 1271 1839 eodem
1296 1797 1334 1836 se
1361 1796 1599 1849 praecipitem

317 1857 446 1897 infert.
476 1858 587 1898 fimili
609 1861 730 1901 ferme
753 1861 833 1900 fato
860 1861 1042 1902 defuncta
1062 1860 1259 1900 noviffima
1283 1857 1522 1908 Carthaginis
1544 1870 1600 1895 re..

319 1917 420 1967 gina,
438 1929 553 1965 atque
575 1922 770 1961 cuondam
793 1921 966 1962 absumta
981 1923 1255 1973 primafuerat.
1279 1921 1354 1962 Hic
1370 1919 1493 1960 exitus
1514 1931 1600 1958 mu-

316 1978 420 2019 lieris
446 1981 542 2020 fuir,
567 1983 686 2033 qwlis
709 1985 837 2034 potius
858 1986 983 2023 virum
1013 1982 1208 2024 decuisset.

371 2040 548 2082 XLVIII.
583 2044 699 2083 Hoste
727 2058 806 2083 non
836 2045 987 2085 devifto
1011 2053 1156 2084 tantum
1173 2076 1184 2092 ,
1212 2044 1277 2084 sed
1299 2043 1413 2083 etiam
1441 2042 1604 2090 deleto,

321 2114 409 2141 curn
436 2103 611 2144 excuffus
629 2105 728 2145 inter
748 2105 906 2145 bellicos
930 2106 1117 2145 tumultus
1142 2104 1389 2144 humanitatis
1411 2102 1535 2143 sensus
1551 2102 1600 2143 ri-

318 2164 410 2204 bero
444 2167 523 2215 jam
570 2168 671 2207 curis
708 2170 861 2218 pecffore
894 2168 1089 2217 rediisset,
1120 2167 1339 2220 illacrimaffi
1374 2166 1602 2219 Carthaginis

319 2229 458 2267 excidio
483 2229 681 2284 Scipionem
706 2229 862 2270 ferunt:
891 2230 926 2268 6·
948 2232 1130 2283 postquam
1158 2230 1220 2268 diu
1246 2229 1376 2267 tacitus
1403 2240 1506 2280 atque
1530 2241 1601 2264 me-

321 2291 538 2332 uitabundus
561 2293 766 2346 adstitiffit‚
792 2293 914 2346 verfits
938 2293 1050 2332 Graeci
1071 2305 1180 2346 poetae
1195 2294 1315 2346 subito
1346 2289 1600 2346 pronuntiaffi,

388 2412 411 2452 ,Ε
443 2412 563 2446 XLVI.
585 2412 709 2446 Zonar.
738 2411 871 2446 Suidas.
898 2412 1043 2457 Appian.
1069 2412 1200 2445 Florus.
1230 2410 1385 2445 Oroslus.
1412 2411 1434 2451 ,Ε
1461 2409 1603 2444 XLvn.

321 2455 467 2501 Appiam
487 2458 562 2491 val.
580 2458 673 2491 Mar.
694 2457 733 2497 8,
756 2468 787 2490 2.
813 2456 937 2490 Zonar.
961 2457 1104 2491 Hieron.
1131 2455 1259 2490 advers.
1279 2455 1395 2489 Jovin.
1420 2455 1443 2488 l.
1471 2467 1500 2489 r.
1518 2455 1602 2489 flo-

321 2512 392 2534 rus.
416 2496 548 2536 Termi.
572 2504 613 2535 ad
639 2503 803 2537 Nationes
828 2512 911 2542 112,
933 2511 968 2544 9.
