1673 3052
292 208 383 267 164
646 199 1272 248 T1T1L1V11'

287 312 453 375 insuper
470 313 593 373 fiptcz
610 328 659 356 ac
685 309 834 355 crebris
858 308 1038 354 turribus
1052 341 1065 365 ,
1084 324 1320 370 oppugnare
1342 308 1481 355 adorti
1491 306 1576 369 fil·
1598 355 1601 358 .

285 406 406 445 mus,
427 404 492 431 eos
505 420 517 439 ,
539 384 686 430 relic‘Zis
715 384 1010 440 munimentis,
1030 384 1193 444 agmine
1211 380 1340 444 effitsb
1359 384 1576 441 abeuntes,

285 462 331 505 itz
354 458 596 519 patentibus
617 455 777 514 campis
809 454 864 498 ab
889 468 1000 514 tergo
1034 454 1304 498 adoriamur?
1326 452 1405 498 Hae
1432 455 1574 498 dilatat

279 549 430 594 pugnae
448 548 502 575 ex
521 529 695 594 hesterno
713 529 778 572 die
793 529 839 572 in
859 527 1101 571 hodiernum
1120 527 1253 585 causae
1270 524 1460 583 fhertcnt.
1480 527 1576 571 Pu-

282 623 410 668 gnare
437 606 545 649 enim
575 601 617 648 δ’
634 601 714 666 ipsi
729 603 834 646 mihi
853 603 993 660 placet
1002 617 1023 654 ;
1043 596 1086 644 δ’
1110 601 1230 652 ideo,
1247 599 1348 659 quia
1361 617 1437 658 per
1460 599 1574 644 Eni-

277 697 403 740 peum
430 692 591 722 amnem
609 676 731 736 septa
750 676 810 719 ad
838 673 985 739 hqflem
1014 673 1086 717 via
1115 687 1227 724 erat,
1244 673 1332 716 alio
1339 672 1577 732 saltu‚de-

273 751 397 812 jeffis
413 752 585 817 hostium
598 747 801 809 praesidiis
817 781 831 803 ‚
849 764 1003 792 novum
1021 746 1098 791 iter
1110 748 1252 806 aperui
1262 763 1282 800 ;
1299 763 1423 806 neque
1430 747 1580 806 prius,

279 844 408 887 <quam
443 826 716 878 debellavero,
737 820 941 886 alfistam.

352 898 450 942 XL.
481 893 583 940 Post
609 893 724 938 hanc
751 891 1006 937 orationem
1030 889 1255 937 silentium
1283 889 1395 946 fuit,
1413 891 1576 954 partim

281 966 494 1015 traduffis
523 965 570 1011 in
600 963 861 1009 sententiam
883 961 1004 1024 ejus,
1024 962 1188 1024 partim
1210 963 1472 1009 verentibus
1498 980 1575 1009 ne-

282 1040 531 1105 quidquam
549 1037 778 1084 offendere
797 1036 843 1082 in
862 1052 946 1093 eo,
968 1036 1121 1099 quod,
1139 1047 1372 1098 utcunque
1395 1048 1577 1098 praeter-

284 1113 462 1160 miffum
478 1148 492 1169 ‚
511 1110 723 1158 revocari
751 1127 847 1156 non
869 1108 1025 1172 poffet.
1060 1110 1128 1156 Ac
1155 1125 1211 1155 ne
1236 1108 1320 1156 illo
1344 1108 1444 1173 ipso
1469 1110 1575 1172 qui-

284 1188 388 1234 dem
422 1185 520 1241 die,
549 1195 627 1230 aut
652 1182 862 1238 consule,
886 1194 964 1229 aut
995 1198 1122 1245 rege,
1148 1180 1314 1245 (rege,
1334 1182 1462 1246 quod
1489 1199 1575 1230 nec

286 1259 421 1307 feffoe
436 1295 451 1315 ‚
468 1271 518 1304 ut
544 1257 687 1320 pridie
701 1293 714 1315 ‚
746 1273 801 1303 ex
822 1254 897 1302 via
911 1290 925 1314 ‚
946 1271 1091 1317 neque
1119 1255 1390 1318 trepidantes
1409 1256 1456 1302 in
1478 1255 1576 1303 acie

281 1330 544 1379 instruenda
568 1331 618 1378 ὃ(
643 1329 833 1376 vixdum
855 1327 1135 1390 compositos
1161 1328 1438 1392 aggressurus
1457 1341 1574 1386 erat;

287 1404 473 1454 consule
489 1441 501 1461 ,
522 1404 648 1468 quod
673 1403 719 1449 in
742 1402 880 1450 novis
907 1401 1059 1450 castris
1079 1417 1175 1449 non
1201 1402 1321 1467 ligna
1334 1420 1474 1465 ,annon
1493 1422 1574 1467 pa·

287 1480 444 1526 buium
465 1477 738 1524 convefihim
762 1489 881 1535 erat,
899 1477 953 1522 ad
973 1492 1073 1539 quae
1093 1478 1285 1540 petenda
1306 1494 1361 1526 ex
1381 1481 1575 1543 propin-

286 1552 388 1617 quis
419 1551 534 1615 agris
568 1567 729 1614 magna
758 1565 860 1613 pars
894 1548 1088 1595 militum
1122 1566 1147 1596 e
1185 1549 1336 1597 castris
1366 1552 1569 1616 exierat)

284 1636 449 1671 neutro
477 1624 801 1686 imperatorum
837 1622 1048 1681 volente,
1083 1626 1308 1682 Fortuna,
1338 1640 1441 1686 quae
1473 1624 1574 1686 plus

285 1697 484 1746 consiliis
513 1695 717 1743 humanis
745 1695 912 1758 pollet,
933 1696 1163 1742 contraxit
1195 1708 1436 1744 certamen.
1466 1698 1574 1745 Flu·-

286 1787 390 1818 men
411 1781 505 1816 erat
528 1768 645 1814 haud
668 1784 877 1831 magnum
896 1768 1081 1831 propius
1099 1768 1294 1814 hostiuin
1321 1767 1496 1828 castris,
1516 1786 1575 1817 ex

286 1859 383 1905 quo
409 1844 458 1889 &
487 1840 757 1887 Macedones
782 1841 832 1887 &
861 1839 1058 1886 Romani
1089 1839 1396 1902 aquabantur,
1420 1838 1573 1902 praefi-

287 1917 373 1962 diis
392 1931 448 1960 ex
477 1926 663 1977 utraque
690 1913 785 1975 ripa
817 1911 998 1977 posuis,
1019 1923 1071 1959 ut
1100 1911 1146 1958 id
1169 1912 1317 1961 facere
1338 1924 1439 1960 tuto
1464 1913 1572 1977 pos-

286 1990 395 2035 sent.
436 1988 556 2033 Duae
590 1987 806 2032 cohortes
843 2002 869 2032 a
904 1996 1030 2048 parte
1066 1985 1380 2031 Romanorum
1415 1998 1570 2043 erant,

287 2059 546 2106 Marrucina
567 2061 616 2106 &
637 2057 845 2121 Peligna3
867 2058 965 2104 duae
983 2070 1140 2103 turmae
1160 2057 1423 2105 Samnitium
1442 2059 1573 2122 equi-

286 2145 411 2188 tum,
441 2131 604 2193 quibus
631 2142 816 2192 praeerat
844 2130 908 2175 M.
937 2130 1114 2193 Sergius
1145 2130 1260 2176 Silus
1299 2130 1497 2194 legatus:
1519 2132 1571 2179 &

286 2209 410 2255 aliud
444 2223 529 2268 pro
563 2206 711 2252 castris
746 2205 954 2251 stativum
989 2217 1080 2252 erat
1116 2205 1366 2267 praefidium
1403 2206 1481 2252 sub
1514 2208 1572 2254 C.

286 2281 463 2329 Cluvio
498 2281 671 2342 legam,
703 2291 790 2325 tres
820 2280 1064 2336 cohortes,
1099 2280 1327 2336 Firmana,
1358 2274 1572 2337 Vestina',

282 2355 627 2415 Cremonenfiffi
660 2353 758 2398 dua:
794 2365 950 2399 turmae
980 2353 1212 2415 equitum,
1237 2352 1492 2399 Placentina
1520 2353 1571 2400 &

288 2428 533 2478 AEsernina.
558 2428 674 2475 Cum
699 2427 842 2472 otium
869 2427 922 2472 ad
954 2425 1123 2472 flumen
1153 2425 1284 2482 efl'et‚
1306 2425 1476 2472 neutris
1504 2425 1573 2471 la-

289 2502 576 2561 cess'entibus,
594 2501 705 2548 hora
720 2499 897 2549 circiter
915 2510 1071 2564 quarta
1087 2496 1367 2562 jumentum,
1384 2513 1408 2545 e
1425 2496 1569 2545 mani-
