1673 3052
275 199 364 249 252
432 182 524 231 JO.
560 178 1088 229 FRE1NSHEM11
1126 177 1494 228 SUPPLEM.

271 291 340 343 giae
365 290 528 337 belluae,
550 299 717 338 raraeque
741 285 1003 338 possessionis,
1027 286 1182 326 domitae
1208 285 1360 338 insuper
1387 285 1561 327 mansue-

270 364 417 406 taeque,
443 352 575 401 nulla,
589 360 632 390 ut
648 350 859 402 putabant,
878 350 927 389 de
948 349 1059 389 causa
1083 349 1399 390 concidebantur.
1425 351 1562 399 Itaque

271 429 351 457 non
368 414 576 455 difficulter
600 412 748 452 inducti
773 411 853 463 Syri
868 423 991 462 ‚gens
1014 410 1099 450 laeta
1120 409 1400 460 seditionibus,
1420 420 1462 449 ut
1485 411 1563 450 Ro.

271 490 407 517 manos
430 477 627 526 ejicerent,
645 474 716 513 Cn.
733 473 940 514 oetavium
961 472 1077 511 etiam
1099 471 1370 520 interimerent,
1387 470 1450 510 cui
1468 470 1564 510 Lao-

272 539 414 587 diceae,
440 538 534 577 dum
552 536 592 575 in
609 535 812 587 Gymnasio
836 533 1010 585 ungitur,
1027 533 1208 584 Leptines
1237 533 1396 584 quidam
1422 543 1563 572 manus

270 599 410 641 attulit.
439 599 586 651 Lyfias,
604 599 653 638 ad
671 595 982 649 diffimulandam
1010 596 1215 644 facinoris,
1232 597 1342 644 cujus
1368 595 1447 647 ipse
1470 608 1565 646 prze-

271 664 412 714 cipuus
439 664 573 703 auctor
595 659 788 700 ferebatur
802 689 813 708 ,
831 657 1105 698 conscientiam
1117 690 1128 708 ,
1146 659 1181 698 Sc
1197 658 1400 699 Octavium
1419 658 1566 709 magni-

274 725 347 763 fico
364 725 499 765 funere
521 721 682 770 extulit,
707 723 743 761 &
767 720 816 760 ad
842 720 1087 771 purgandum
1112 719 1257 759 crimen
1285 719 1442 760 nomine
1467 720 1564 771 regis

273 786 420 838 legatos
444 800 465 826 e
489 786 649 838 vestigio
675 783 774 824 mifit
800 783 979 824 Romam.
1003 783 1034 823 Ii
1060 795 1151 822 cum
1174 783 1306 824 multis
1320 783 1458 833 verbis,
1473 782 1565 823 nihil

266 850 410 904 publico
424 850 564 902 confilio
575 850 702 902 gestum
716 847 793 900 effi,
809 845 1093 887 contendissent
1105 876 1116 895 ,
1135 846 1214 886 sme
1229 845 1407 898 responso
1425 843 1566 885 dimiffi

272 911 370 952 sunt.
409 911 479 953 Cn.
499 910 661 951 Octavio
676 940 687 958 ‚
702 911 794 962 quod
803 924 869 962 pro
892 908 1067 962 republica
1080 921 1219 948 mortem
1244 908 1402 962 oppetiffie
1430 907 1566 946 videre-

272 988 351 1024 tur,
368 975 528 1014 statuam
547 973 587 1012 in
607 972 748 1013 Rostris
760 1002 771 1020 ,
788 971 877 1011 loco
894 971 1168 1019 celeberrimo,
1188 971 1338 1012 senatus
1355 970 1536 1011 decrevit.

329 1037 469 1077 XXX.
500 1038 583 1078 Nec
612 1035 780 1075 Romani
808 1042 959 1074 tantum
985 1033 1262 1074 succensebant
1287 1034 1414 1086 Syris,
1435 1031 1499 1072 sed
1526 1033 1567 1071 in

277 1107 497 1140 exterorum
527 1111 681 1150 quoque
710 1096 901 1136 mentibus
930 1098 1152 1136 immanitas
1179 1097 1230 1135 rei
1263 1097 1482 1136 conciverat
1505 1095 1570 1133 in·-

279 1162 559 1213 dignationem.
591 1160 695 1200 Inter
725 1172 820 1209 quos
851 1159 1065 1211 praecipuus
1093 1157 1307 1199 Ariarathes
1332 1157 1568 1208 Cappadox,

277 1233 414 1276 praeter
447 1225 598 1264 insitum
628 1224 779 1263 virtutis
806 1235 1003 1272 amorem,
1031 1223 1276 1273 studiumque
1309 1223 1351 1261 in
1381 1219 1572 1272 populum

279 1287 526 1335 Romanum,
545 1286 661 1325 etiam
689 1284 858 1323 amicitia
885 1284 1032 1335 privata
1056 1283 1308 1332 movebatur,
1337 1294 1452 1334 quam
1479 1295 1570 1321 cum

279 1349 441 1390 Octavio
471 1351 511 1388 in
547 1349 648 1399 regia
676 1346 740 1386 sua
770 1355 1023 1387 contraxerat.
1060 1347 1162 1397 Quia
1185 1354 1338 1395 tamen,
1364 1346 1495 1397 legatis
1521 1345 1571 1384 ad

280 1408 705 1464 puerum'Antiochum
732 1409 869 1458 missis,
895 1410 1024 1449 matris
1044 1408 1121 1448 suae
1148 1408 1359 1459 sororisque
1389 1408 1570 1459 reliquias

280 1472 498 1525 repetebat,
515 1471 641 1511 alieno
667 1480 841 1522 tempore
863 1472 1011 1523 Lysiam
1029 1471 1227 1511 offendere
1248 1472 1416 1518 timens,
1439 1483 1571 1509 earum

283 1550 408 1576 rerum
425 1535 661 1574 mentionem
678 1548 699 1574 a
712 1534 788 1574 suis
803 1534 882 1574 fieri
897 1535 1029 1574 vetuit.
1046 1534 1227 1574 Ceterum
1243 1533 1347 1573 haud
1366 1532 1572 1573 obscurum

285 1601 368 1646 ejus
395 1597 586 1647 judicium
610 1604 713 1646 erat,
733 1609 822 1635 cum
843 1596 981 1648 populi
1000 1596 1167 1636 Romani
1189 1596 1398 1635 amicitiam
1415 1594 1572 1646 plurimi

282 1662 452 1701 faceret:
475 1661 527 1700 ita
555 1660 726 1710 quidem,
744 1668 788 1699 ut
802 1658 870 1699 sub
892 1659 996 1701 idem
1018 1658 1097 1698 fere
1115 1670 1268 1709 tempus
1288 1657 1453 1705 reverlis,
1477 1669 1573 1708 quos

282 1726 449 1766 Romam
476 1723 647 1773 miserat,
669 1722 826 1774 legatis,
850 1730 1123 1774 promtamque
1153 1722 1306 1762 Patrum
1331 1733 1419 1772 erga
1443 1733 1573 1772 regem

284 1784 525 1825 voluntatem
549 1783 819 1833 referentibus,
837 1782 1026 1823 honorem
1048 1782 1226 1822 habuerit
1250 1783 1332 1822 Diis
1346 1812 1357 1831 ,
1372 1780 1572 1820 sacrificio·

283 1860 357 1898 que
371 1861 512 1898 magno
524 1849 694 1898 peraeOEO,
709 1859 799 1886 cum
811 1845 975 1886 ducibus
987 1845 1059 1884 suis
1077 1844 1245 1884 hilariter
1260 1845 1375 1884 fuerit
1385 1843 1575 1894 epulatus.

336 1917 494 1957 XXX1.
525 1917 628 1957 Dum
655 1917 737 1956 haec
764 1918 804 1955 in
832 1916 906 1955 istis
932 1915 1028 1955 locis
1056 1914 1179 1962 fiunt,
1208 1913 1299 1953 alibi
1329 1925 1481 1964 quoque
1506 1925 1574 1963 pa-

283 1993 371 2019 rum
398 1979 612 2030 tranquillae
632 1992 690 2018 res
707 1979 875 2018 fuerunt.
906 1976 1165 2028 Calyndenses
1187 1975 1384 2015 obsidione
1411 1974 1576 2015 Caunio-

282 2055 393 2090 rum,
423 2054 444 2080 a
466 2041 604 2092 quibus
632 2041 875 2089 defecerant,
900 2040 1034 2091 prelii,
1063 2053 1084 2079 a
1114 2038 1259 2078 Cnidiis
1287 2035 1429 2076 auxilio
1454 2037 1575 2087 impe-

284 2111 388 2143 trato
415 2102 651 2153 aliquamdiu
672 2104 886 2142 restiterunt
905 2115 912 2141 :
929 2102 1084 2149 deinde,
1106 2102 1284 2140 timentes
1301 2101 1352 2139 de
1364 2100 1470 2138 exitu
1495 2098 1575 2137 bel-

283 2166 339 2213 li,
366 2166 404 2204 ni
428 2166 636 2215 majoribus
668 2166 806 2215 opibus
842 2166 1162 2212 defenderentur,
1190 2164 1365 2204 Rhodios
1395 2162 1574 2212 implora-

282 2241 394 2276 vere,
413 2227 450 2266 se
472 2227 613 2278 suaque
639 2228 778 2266 dedere
802 2226 1147 2278 polliciti.⁴thodii
1171 2234 1395 2277 receperant
1417 2225 1575 2276 quidem

283 2302 490 2342 parumper
505 2302 554 2329 ex
574 2290 692 2340 priori
720 2289 1026 2328 consternatione
1041 2289 1190 2328 animos
1210 2303 1218 2328 :
1242 2287 1306 2327 sed
1326 2295 1454 2327 tamen
1476 2288 1574 2326 iram

349 2406 371 2449 §
396 2406 520 2440 XXIX.
543 2406 626 2441 Fasti
655 2405 803 2450 Capitol.
836 2407 982 2450 Appian.
1012 2406 1138 2450 SyrIac.
1164 2407 1287 2440 Ζοηπ.
1313 2407 1423 2440 Julius
1450 2404 1539 2438 Obsc

284 2450 404 2494 Polyb.
429 2462 578 2496 excerpt.
607 2451 722 2495 Legat.
753 2464 825 2491 ¹14·
852 2452 924 2484 Cic.
941 2451 1127 2494 Pli'rlipp9
1156 2452 1289 2487 2.'llin.
1306 2462 1360 2496 34,
1377 2452 1409 2486 6.
1425 2417 1577 2494 §chffi

286 2494 406 2541 Polyb.
425 2507 575 2542 excerpt.
597 2496 713 2541 Legat.
740 2508 814 2530 112.
833 2496 935 2531 Diod
952 2508 1006 2541 ap.
1021 2496 1134 2532 vales.
