1673 3052
254 197 338 245 1N
387 195 563 243 LOC.
598 195 734 241 LIB.
777 194 970 242 XLIX
1024 196 1174 244 L1V.
1307 211 1403 258 337

104 302 145 344 in
171 316 290 356 opere
309 311 442 351 erant,
458 302 627 351 occidit,
647 315 832 353 armaque
857 302 978 342 multa
997 304 1135 356 (cujus
1156 302 1212 342 rei
1238 304 1400 353 penuria

105 370 276 408 maxima
313 378 397 408 tum
437 366 663 407 laborabant
695 367 800 406 Poeni
826 367 842 415 )
883 367 999 417 cepit.
1041 366 1238 417 Asportata
1267 376 1400 407 tamen

102 432 274 471 materiae
289 431 346 469 vis
371 428 448 476 est,
464 437 605 479 quanta
633 428 812 478 parandis
826 459 838 475 ‚
856 441 938 478 quae
962 428 1294 476 desiderabantur,
1320 443 1399 469 ma-

104 491 232 531 chinis
251 490 473 530 sufficiebat,
495 489 725 540 quibuscum
750 490 889 529 iterum
911 490 1036 529 adorti
1057 489 1144 530 sunt
1165 491 1301 531 urbem
1321 505 1402 532 am-

106 555 159 595 bo
179 553 381 603 consules,
398 555 613 604 iterumque
639 567 678 592 re
702 554 844 594 infecsta
868 553 1126 594 discesserunt.
1151 556 1293 606 quippe
1315 557 1403 597 Ma,

105 616 221 657 nilius
236 648 246 666 ,
265 617 329 668 qui
346 630 367 656 a
381 625 478 656 terra
498 615 774 668 oppugnabat,
794 629 882 656 cum
906 629 1046 668 magno
1073 617 1204 656 labore
1223 619 1289 658 vix
1311 619 1402 659 lori-

105 691 160 720 cae
192 680 374 732 oppofitae
405 687 554 731 partem
587 678 808 728 dejecisset,
833 678 931 718 nihil
959 679 1059 719 ultra
1085 689 1235 721 tentare
1261 681 1398 731 ausus,

108 742 292 783 abscessit.
323 743 364 783 L.
383 743 576 790 Marcius,
601 749 782 792 aggerato
814 742 988 793 margine
1014 743 1168 793 paludis
1192 745 1303 793 juxta
1329 744 1404 784 lin-

107 815 221 854 guam
235 833 245 851 ,
264 803 340 853 quo
356 801 443 853 plus
458 803 505 842 ad
526 801 727 841 machinas
751 802 1015 842 admovendas
1039 803 1130 842 effet
1150 803 1282 855 spatii,
1299 805 1400 844 duos

106 864 289 905 adhibuit
309 862 420 904 vastae
452 863 567 903 molis
601 864 758 911 arietes,
780 876 945 914 quorum
973 864 1067 905 alter
1089 880 1111 905 a
1138 866 1202 907 sex
1227 867 1403 909 millibus

107 927 284 978 peditum
310 925 581 977 impellebatur
595 956 606 974 ,
630 924 726 964 alter
750 939 770 965 a
792 926 993 967 navalibus
1014 927 1150 970 sociis:
1175 928 1235 969 his
1255 930 1401 981 praefe-

107 989 158 1028 eti
178 988 416 1035 triremium,
443 984 634 1026 militibus
656 985 801 1024 tribuni
823 995 1018 1036 praeerant.
1042 988 1105 1028 Sic
1129 989 1228 1028 inter
1249 990 1398 1031 diversa

105 1062 244 1102 genera
259 1049 590 1100 oppugnantium,
603 1046 848 1087 aemulatione
863 1050 1045 1088 virtutem
1057 1050 1290 1100 stimulante,
1310 1066 1397 1103 pars

105 1115 232 1165 aliqua
261 1115 360 1154 muri
390 1112 516 1161 cellit,
540 1122 586 1153 ut
611 1115 689 1163 jam
718 1113 900 1153 interiora
933 1113 1036 1154 urbis
1067 1115 1398 1167 conspicerentur.

108 1175 186 1216 Sed
209 1174 296 1226 plus
316 1175 449 1215 auxilii
474 1173 850 1225 Carthaginiensibus
874 1175 915 1214 in
940 1176 1159 1216 animorum
1185 1177 1398 1218 firmitudi-

106 1249 183 1286 ne,
207 1251 324 1289 quam
350 1240 391 1278 in
415 1237 611 1278 moenibus
633 1237 721 1277 fuit.

161 1307 304 1349 XLIII.
323 1306 495 1359 Repulfis
521 1320 635 1358 ergo,
656 1309 718 1357 qui
734 1306 863 1346 conati
886 1306 1040 1347 fuerant
1067 1308 1297 1360 irrumpere,
1315 1310 1395 1350 col-

104 1370 250 1422 lapsam
279 1370 376 1409 muri
404 1378 554 1421 partem
589 1371 706 1409 noctu
741 1369 946 1409 instaurare
977 1380 1179 1422 coeperunt
1206 1384 1218 1412 t
1252 1373 1395 1414 deinde

108 1433 345 1474 considerato
359 1464 372 1480 ,
398 1444 524 1482 neque
544 1433 700 1470 noctem
723 1433 834 1481 operi
861 1430 1054 1480 sufficere,
1080 1446 1206 1483 neque
1223 1443 1396 1476 recentes

109 1495 145 1533 δε
164 1492 261 1535 udos
285 1492 413 1532 adhuc
430 1503 559 1531 muros
578 1492 843 1532 Romanorum
869 1492 1057 1532 machinis
1079 1493 1241 1534 resistere
1264 1495 1395 1546 poffe,

106 1555 156 1594 ad
181 1554 249 1594 has
272 1554 575 1604 corrumpendas
603 1555 843 1605 eruptionem
861 1567 928 1605 per
942 1555 1067 1594 ruinas
1092 1556 1293 1604 fecerunt,
1310 1557 1394 1598 aliis

106 1629 234 1664 arma,
257 1615 340 1655 aliis
356 1614 451 1654 nihil
473 1622 606 1664 praeter
620 1615 724 1654 faces
748 1615 924 1656 accensas
940 1615 1163 1656 ferentibus.
1183 1619 1218 1657 Sc
1235 1619 1394 1659 incendi

105 1680 262 1730 quidem
284 1677 473 1717 machinae
496 1688 576 1716 non
595 1688 778 1728 potuere,
801 1678 1086 1718 accurrentibus
1110 1680 1160 1718 ad
1180 1681 1393 1722 arcendum

106 1741 254 1781 hostem
277 1740 483 1782 Romanis:
509 1739 664 1779 inutiles
689 1750 819 1780 tamen
844 1739 933 1779 sunt
955 1741 1137 1790 redditae3
1161 1743 1197 1782 ὃς
1220 1742 1393 1784 militum

105 1802 241 1854 aliquis
259 1812 440 1841 numerus
467 1801 712 1841 desideratus.
743 1802 840 1842 vOrta
864 1801 977 1852 luce,
998 1803 1196 1844 Romanos
1223 1805 1392 1857 impetus

105 1865 210 1914 cepit
235 1863 274 1902 in
297 1861 434 1901 urbem
464 1863 763 1913 perrumpendi,
785 1876 859 1913 qua
884 1864 1060 1904 nondum
1085 1866 1285 1907 commissa
1309 1881 1393 1907 mu-

107 1938 239 1965 rorum
270 1923 389 1963 latera
413 1923 653 1964 ostentabant
683 1925 768 1967 iter.
798 1939 888 1967 nam
916 1940 1042 1967 aream
1072 1929 1264 1979 quandam
1289 1932 1395 1970 intus

107 1986 314 2035 videbant,
334 1986 374 2025 in
395 1998 469 2037 qua
491 1986 672 2037 explicari
695 1987 795 2027 acies
816 1988 960 2039 posset:
983 1990 1038 2030 ibi
1059 1990 1394 2042 Carthaginienses

105 2049 278 2088 instructi
300 2048 640 2098 stabant,·armatis
655 2050 695 2088 in
710 2050 861 2099 fronte,
885 2050 967 2101 post
992 2050 1063 2092 hos
1081 2052 1292 2092 inermibus
1308 2053 1395 2092 col-

105 2110 270 2159 locatis,
295 2111 360 2160 qui
383 2110 499 2150 fustes
518 2113 553 2150 Sc
577 2110 663 2151 saxa
693 2112 921 2162 portabant:
951 2114 1098 2153 circum
1119 2116 1218 2154 aedes
1239 2127 1395 2166 quoque

104 2174 248 2212 vicinas
266 2185 450 2223 magnum
472 2173 741 2224 disposuerunt
764 2188 968 2215 numerum
981 2206 992 2226 2
1012 2178 1079 2228 qui
1099 2191 1120 2216 a
1139 2176 1322 2217 lateribus
1346 2179 1394 2216 ir,

104 2243 327 2286 rumpentes
351 2235 588 2275 incesserent.
617 2238 666 2276 At
682 2237 848 2278 Romani
874 2240 994 2290 magis
1014 2241 1131 2279 etiam
1153 2239 1228 2279 hoc
1250 2239 1396 2290 spotia«

102 2298 193 2339 culo
217 2298 506 2348 animabantur,
524 2301 673 2351 pudore
697 2315 850 2353 quoque
867 2305 1073 2352 incitante,
1090 2317 1137 2342 ne
1164 2304 1211 2342 ab
1235 2304 1402 2343 inermi‘

106 2359 178 2400 bus
202 2362 399 2400 contemni
423 2370 651 2412 paterentur.
679 2364 813 2415 ltaque
840 2366 918 2405 duo
942 2366 1087 2405 tribuni
1111 2365 1278 2404 militum
1303 2378 1394 2404 cum

153 2485 175 2529 ς
199 2482 301 2518 an.
325 2484 446 2519 zonar.
470 2498 499 2523 c.
524 2497 578 2527 47.
602 2486 750 2532 Appiam
1178 2502 1189 2534 ρ

167 2548 219 2594 T.
246 2551 342 2597 Liv.
369 2554 468 2595 Vol.
499 2552 606 2598 VII.
1103 2553 1143 2600 Y
