<?xml version="1.0" encoding="UTF-8"?>
<!DOCTYPE html PUBLIC "-//W3C//DTD XHTML 1.0 Transitional//EN"
    "http://www.w3.org/TR/xhtml1/DTD/xhtml1-transitional.dtd">
<html xmlns="http://www.w3.org/1999/xhtml" xml:lang="en" lang="en">
 <head>
  <title>
</title>
<meta http-equiv="Content-Type" content="text/html;charset=utf-8" />
  <meta name='ocr-system' content='tesseract 3.04.00' />
  <meta name='ocr-capabilities' content='ocr_page ocr_carea ocr_par ocr_line ocrx_word'/>
</head>
<body>
  <div class='ocr_page' id='page_1' title='image "./historiarumlibri07livyuoft_0184.png"; bbox 0 0 1673 3052; ppageno 0'>
   <div class='ocr_carea' id='block_1_1' title="bbox 276 187 1193 255">
    <p class='ocr_par' dir='ltr' id='par_1_1' title="bbox 276 187 1193 255">
     <span class='ocr_line' id='line_1_1' title="bbox 276 187 1193 255; baseline -0.008 -15"><span class='ocrx_word' id='word_1_1' title='bbox 276 192 363 255; x_wconf 65' lang='grc' dir='ltr'><strong>ηε</strong></span> <span class='ocrx_word' id='word_1_2' title='bbox 635 187 1193 236; x_wconf 85' lang='lat' dir='ltr'>T1T1L1V11</span> 
     </span>
    </p>
   </div>
   <div class='ocr_carea' id='block_1_2' title="bbox 273 290 1658 2534">
    <p class='ocr_par' dir='ltr' id='par_1_2' title="bbox 273 290 1589 2025">
     <span class='ocr_line' id='line_1_2' title="bbox 273 290 1558 362; baseline -0.008 -16"><span class='ocrx_word' id='word_1_3' title='bbox 273 319 346 346; x_wconf 85' lang='lat' dir='ltr'><strong>rex</strong></span> <span class='ocrx_word' id='word_1_4' title='bbox 353 296 523 361; x_wconf 76' lang='lat' dir='ltr'><strong>fugiffl’t</strong></span> <span class='ocrx_word' id='word_1_5' title='bbox 540 290 573 343; x_wconf 61' lang='lat'><strong>:.</strong></span> <span class='ocrx_word' id='word_1_6' title='bbox 591 296 824 362; x_wconf 78' lang='lat' dir='ltr'><strong>existimari</strong></span> <span class='ocrx_word' id='word_1_7' title='bbox 856 296 1193 339; x_wconf 63' lang='lat' dir='ltr'><em>Samothraciam</em></span> <span class='ocrx_word' id='word_1_8' title='bbox 1210 292 1431 354; x_wconf 66' lang='lat' dir='ltr'><strong>petiturum</strong></span> <span class='ocrx_word' id='word_1_9' title='bbox 1445 325 1458 347; x_wconf 85' lang='lat'>‚</span> <span class='ocrx_word' id='word_1_10' title='bbox 1471 296 1558 351; x_wconf 55' lang='lat' dir='ltr'><strong>pai</strong></span> 
     </span>
     <span class='ocr_line' id='line_1_3' title="bbox 274 364 1560 431; baseline -0.007 -14"><span class='ocrx_word' id='word_1_11' title='bbox 274 388 410 418; x_wconf 80' lang='lat' dir='ltr'><strong>ratam</strong></span> <span class='ocrx_word' id='word_1_12' title='bbox 439 367 599 431; x_wconf 75' lang='lat' dir='ltr'><strong>claffem</strong></span> <span class='ocrx_word' id='word_1_13' title='bbox 628 371 689 413; x_wconf 82' lang='lat' dir='ltr'><strong>ad</strong></span> <span class='ocrx_word' id='word_1_14' title='bbox 705 368 1023 428; x_wconf 79' lang='lat' dir='ltr'><strong>persequendum</strong></span> <span class='ocrx_word' id='word_1_15' title='bbox 1056 364 1152 429; x_wconf 77' lang='lat' dir='ltr'><strong>effi:</strong></span> <span class='ocrx_word' id='word_1_16' title='bbox 1177 383 1300 424; x_wconf 77' lang='lat' dir='ltr'><strong>neque</strong></span> <span class='ocrx_word' id='word_1_17' title='bbox 1326 380 1452 419; x_wconf 85' lang='lat' dir='ltr'><strong>terra,</strong></span> <span class='ocrx_word' id='word_1_18' title='bbox 1484 380 1560 408; x_wconf 85' lang='lat' dir='ltr'><strong>ne-</strong></span> 
     </span>
     <span class='ocr_line' id='line_1_4' title="bbox 275 435 1563 506; baseline -0.007 -15"><span class='ocrx_word' id='word_1_19' title='bbox 275 464 350 506; x_wconf 78' lang='lat' dir='ltr'><strong>que</strong></span> <span class='ocrx_word' id='word_1_20' title='bbox 376 447 483 490; x_wconf 81' lang='lat' dir='ltr'><strong>mari</strong></span> <span class='ocrx_word' id='word_1_21' title='bbox 511 444 617 487; x_wconf 82' lang='lat' dir='ltr'><em>elabi</em></span> <span class='ocrx_word' id='word_1_22' title='bbox 632 440 755 505; x_wconf 70' lang='lat' dir='ltr'><strong>poffis.</strong></span> <span class='ocrx_word' id='word_1_23' title='bbox 787 440 939 485; x_wconf 78' lang='lat' dir='ltr'><strong>eadem</strong></span> <span class='ocrx_word' id='word_1_24' title='bbox 962 439 1060 485; x_wconf 81' lang='lat' dir='ltr'><strong>haec</strong></span> <span class='ocrx_word' id='word_1_25' title='bbox 1093 437 1230 501; x_wconf 84' lang='lat' dir='ltr'><strong>paulo</strong></span> <span class='ocrx_word' id='word_1_26' title='bbox 1253 435 1352 500; x_wconf 87' lang='lat' dir='ltr'><strong>post</strong></span> <span class='ocrx_word' id='word_1_27' title='bbox 1371 435 1418 483; x_wconf 90' lang='lat' dir='ltr'><strong>in</strong></span> <span class='ocrx_word' id='word_1_28' title='bbox 1447 451 1563 483; x_wconf 88' lang='lat' dir='ltr'><strong>con-</strong></span> 
     </span>
     <span class='ocr_line' id='line_1_5' title="bbox 277 507 1562 574; baseline -0.009 -10"><span class='ocrx_word' id='word_1_29' title='bbox 277 518 456 565; x_wconf 80' lang='lat' dir='ltr'>cionem</span> <span class='ocrx_word' id='word_1_30' title='bbox 481 514 668 561; x_wconf 59' lang='lat' dir='ltr'><strong>traducti</strong></span> <span class='ocrx_word' id='word_1_31' title='bbox 695 511 1004 574; x_wconf 76' lang='lat' dir='ltr'><strong>exposuerunt</strong></span> <span class='ocrx_word' id='word_1_32' title='bbox 1020 547 1034 568; x_wconf 86' lang='lat'>‚</span> <span class='ocrx_word' id='word_1_33' title='bbox 1055 521 1367 573; x_wconf 83' lang='lat' dir='ltr'><strong>renovataque</strong></span> <span class='ocrx_word' id='word_1_34' title='bbox 1385 507 1562 566; x_wconf 87' lang='lat' dir='ltr'><strong>laetitia,</strong></span> 
     </span>
     <span class='ocr_line' id='line_1_6' title="bbox 277 583 1563 643; baseline -0.008 -8"><span class='ocrx_word' id='word_1_35' title='bbox 277 607 380 636; x_wconf 86' lang='lat' dir='ltr'><strong>cum</strong></span> <span class='ocrx_word' id='word_1_36' title='bbox 403 587 563 634; x_wconf 88' lang='lat' dir='ltr'><strong>consul</strong></span> <span class='ocrx_word' id='word_1_37' title='bbox 593 585 791 632; x_wconf 73' lang='lat' dir='ltr'><strong>edixisset</strong></span> <span class='ocrx_word' id='word_1_38' title='bbox 808 622 822 642; x_wconf 90' lang='lat'>,</span> <span class='ocrx_word' id='word_1_39' title='bbox 850 601 895 631; x_wconf 84' lang='lat' dir='ltr'><strong>ut</strong></span> <span class='ocrx_word' id='word_1_40' title='bbox 916 603 1056 631; x_wconf 75' lang='lat' dir='ltr'><strong>omnes</strong></span> <span class='ocrx_word' id='word_1_41' title='bbox 1073 586 1177 629; x_wconf 72' lang='lat' dir='ltr'><strong>cedes</strong></span> <span class='ocrx_word' id='word_1_42' title='bbox 1195 583 1326 642; x_wconf 84' lang='lat' dir='ltr'><em>sacrae</em></span> <span class='ocrx_word' id='word_1_43' title='bbox 1355 583 1563 643; x_wconf 78' lang='lat' dir='ltr'><strong>aperiren-</strong></span> 
     </span>
     <span class='ocr_line' id='line_1_7' title="bbox 279 655 1566 725; baseline -0.009 -14"><span class='ocrx_word' id='word_1_44' title='bbox 279 681 372 722; x_wconf 83' lang='lat' dir='ltr'><strong>tur,</strong></span> <span class='ocrx_word' id='word_1_45' title='bbox 403 680 489 725; x_wconf 86' lang='lat' dir='ltr'><strong>pro</strong></span> <span class='ocrx_word' id='word_1_46' title='bbox 523 661 565 708; x_wconf 89' lang='lat' dir='ltr'><strong>se</strong></span> <span class='ocrx_word' id='word_1_47' title='bbox 598 660 788 724; x_wconf 85' lang='lat' dir='ltr'><strong>quisque</strong></span> <span class='ocrx_word' id='word_1_48' title='bbox 820 677 876 706; x_wconf 81' lang='lat' dir='ltr'><strong>ex</strong></span> <span class='ocrx_word' id='word_1_49' title='bbox 902 657 1130 707; x_wconf 85' lang='lat' dir='ltr'><strong>concione</strong></span> <span class='ocrx_word' id='word_1_50' title='bbox 1160 655 1216 703; x_wconf 86' lang='lat' dir='ltr'><strong>ad</strong></span> <span class='ocrx_word' id='word_1_51' title='bbox 1242 656 1401 719; x_wconf 82' lang='lat' dir='ltr'><strong>gratias</strong></span> <span class='ocrx_word' id='word_1_52' title='bbox 1434 671 1566 719; x_wconf 83' lang='lat' dir='ltr'><strong>agen-</strong></span> 
     </span>
     <span class='ocr_line' id='line_1_8' title="bbox 279 730 1568 796; baseline -0.006 -14"><span class='ocrx_word' id='word_1_53' title='bbox 279 736 356 782; x_wconf 86' lang='lat' dir='ltr'><strong>das</strong></span> <span class='ocrx_word' id='word_1_54' title='bbox 387 736 449 782; x_wconf 89' lang='lat' dir='ltr'><strong>ire</strong></span> <span class='ocrx_word' id='word_1_55' title='bbox 472 735 601 790; x_wconf 82' lang='lat' dir='ltr'><strong>Diis;</strong></span> <span class='ocrx_word' id='word_1_56' title='bbox 639 734 900 796; x_wconf 77' lang='lat' dir='ltr'><strong>ingentique</strong></span> <span class='ocrx_word' id='word_1_57' title='bbox 926 733 1054 778; x_wconf 79' lang='lat' dir='ltr'><strong>turba</strong></span> <span class='ocrx_word' id='word_1_58' title='bbox 1076 768 1088 786; x_wconf 83' lang='lat'>‚</span> <span class='ocrx_word' id='word_1_59' title='bbox 1111 747 1206 777; x_wconf 91' lang='lat' dir='ltr'><strong>non</strong></span> <span class='ocrx_word' id='word_1_60' title='bbox 1234 730 1438 776; x_wconf 88' lang='lat' dir='ltr'><strong>virorum</strong></span> <span class='ocrx_word' id='word_1_61' title='bbox 1462 744 1568 775; x_wconf 83' lang='lat' dir='ltr'><strong>mo-</strong></span> 
     </span>
     <span class='ocr_line' id='line_1_9' title="bbox 281 801 1570 866; baseline -0.009 -10"><span class='ocrx_word' id='word_1_62' title='bbox 281 810 369 866; x_wconf 90' lang='lat' dir='ltr'><strong>do,</strong></span> <span class='ocrx_word' id='word_1_63' title='bbox 390 808 463 855; x_wconf 87' lang='lat' dir='ltr'><strong>sed</strong></span> <span class='ocrx_word' id='word_1_64' title='bbox 486 807 618 854; x_wconf 83' lang='lat' dir='ltr'><strong>etiam</strong></span> <span class='ocrx_word' id='word_1_65' title='bbox 645 805 913 852; x_wconf 81' lang='lat' dir='ltr'><strong>feminarum</strong></span> <span class='ocrx_word' id='word_1_66' title='bbox 928 841 942 862; x_wconf 89' lang='lat'>‚</span> <span class='ocrx_word' id='word_1_67' title='bbox 973 803 1178 851; x_wconf 82' lang='lat' dir='ltr'><strong>conferta</strong></span> <span class='ocrx_word' id='word_1_68' title='bbox 1198 814 1294 850; x_wconf 89' lang='lat' dir='ltr'><strong>tota</strong></span> <span class='ocrx_word' id='word_1_69' title='bbox 1310 802 1421 849; x_wconf 90' lang='lat' dir='ltr'><strong>urbe</strong></span> <span class='ocrx_word' id='word_1_70' title='bbox 1439 801 1570 849; x_wconf 85' lang='lat' dir='ltr'><strong>Deo·</strong></span> 
     </span>
     <span class='ocr_line' id='line_1_10' title="bbox 282 872 1570 941; baseline -0.009 -12"><span class='ocrx_word' id='word_1_71' title='bbox 282 899 383 930; x_wconf 87' lang='lat' dir='ltr'><strong>rum</strong></span> <span class='ocrx_word' id='word_1_72' title='bbox 419 880 743 928; x_wconf 82' lang='lat' dir='ltr'><strong>immortalium</strong></span> <span class='ocrx_word' id='word_1_73' title='bbox 778 878 961 941; x_wconf 86' lang='lat' dir='ltr'><strong>templa.</strong></span> <span class='ocrx_word' id='word_1_74' title='bbox 997 878 1184 924; x_wconf 81' lang='lat' dir='ltr'><strong>Senatus</strong></span> <span class='ocrx_word' id='word_1_75' title='bbox 1203 912 1217 935; x_wconf 93' lang='lat'>‚</span> <span class='ocrx_word' id='word_1_76' title='bbox 1245 888 1492 923; x_wconf 85' lang='lat' dir='ltr'><strong>revocatus</strong></span> <span class='ocrx_word' id='word_1_77' title='bbox 1521 872 1570 918; x_wconf 85' lang='lat' dir='ltr'><strong>in</strong></span> 
     </span>
     <span class='ocr_line' id='line_1_11' title="bbox 284 945 1572 1015; baseline -0.008 -14"><span class='ocrx_word' id='word_1_78' title='bbox 284 954 482 1010; x_wconf 81' lang='lat' dir='ltr'><strong>curiam,</strong></span> <span class='ocrx_word' id='word_1_79' title='bbox 516 951 865 1015; x_wconf 83' lang='lat' dir='ltr'><strong>supplicationes</strong></span> <span class='ocrx_word' id='word_1_80' title='bbox 886 986 898 1008; x_wconf 92' lang='lat'>‚</span> <span class='ocrx_word' id='word_1_81' title='bbox 927 950 989 996; x_wconf 91' lang='lat' dir='ltr'><strong>ob</strong></span> <span class='ocrx_word' id='word_1_82' title='bbox 1009 965 1103 996; x_wconf 88' lang='lat' dir='ltr'><strong>rem</strong></span> <span class='ocrx_word' id='word_1_83' title='bbox 1129 948 1302 1011; x_wconf 78' lang='lat' dir='ltr'><strong>egregie</strong></span> <span class='ocrx_word' id='word_1_84' title='bbox 1331 946 1494 1010; x_wconf 85' lang='lat' dir='ltr'><strong>gestam</strong></span> <span class='ocrx_word' id='word_1_85' title='bbox 1516 945 1572 991; x_wconf 87' lang='lat' dir='ltr'><strong>ab</strong></span> 
     </span>
     <span class='ocr_line' id='line_1_12' title="bbox 284 1014 1573 1083; baseline -0.012 -8"><span class='ocrx_word' id='word_1_86' title='bbox 284 1029 336 1076; x_wconf 87' lang='lat' dir='ltr'><strong>L.</strong></span> <span class='ocrx_word' id='word_1_87' title='bbox 364 1024 547 1073; x_wconf 87' lang='lat' dir='ltr'><strong>AEmilio</strong></span> <span class='ocrx_word' id='word_1_88' title='bbox 582 1022 793 1080; x_wconf 90' lang='lat' dir='ltr'><strong>consule,</strong></span> <span class='ocrx_word' id='word_1_89' title='bbox 824 1022 871 1068; x_wconf 90' lang='lat' dir='ltr'><strong>in</strong></span> <span class='ocrx_word' id='word_1_90' title='bbox 903 1021 1103 1083; x_wconf 86' lang='lat' dir='ltr'><strong>quinque</strong></span> <span class='ocrx_word' id='word_1_91' title='bbox 1135 1020 1227 1066; x_wconf 86' lang='lat' dir='ltr'><strong>dies</strong></span> <span class='ocrx_word' id='word_1_92' title='bbox 1264 1017 1383 1065; x_wconf 88' lang='lat' dir='ltr'><strong>circa</strong></span> <span class='ocrx_word' id='word_1_93' title='bbox 1417 1014 1573 1064; x_wconf 81' lang='lat' dir='ltr'><strong>omnia</strong></span> 
     </span>
     <span class='ocr_line' id='line_1_13' title="bbox 286 1086 1576 1163; baseline -0.009 -17"><span class='ocrx_word' id='word_1_94' title='bbox 286 1097 543 1163; x_wconf 84' lang='lat' dir='ltr'><strong>pulvinaria</strong></span> <span class='ocrx_word' id='word_1_95' title='bbox 577 1096 816 1153; x_wconf 85' lang='lat' dir='ltr'><strong>decrevit,</strong></span> <span class='ocrx_word' id='word_1_96' title='bbox 849 1093 1093 1156; x_wconf 84' lang='lat' dir='ltr'><strong>hostiisque</strong></span> <span class='ocrx_word' id='word_1_97' title='bbox 1131 1090 1379 1152; x_wconf 84' lang='lat' dir='ltr'><strong>majoribus</strong></span> <span class='ocrx_word' id='word_1_98' title='bbox 1407 1086 1576 1136; x_wconf 81' lang='lat' dir='ltr'><strong>sacrifi·</strong></span> 
     </span>
     <span class='ocr_line' id='line_1_14' title="bbox 286 1160 1575 1231; baseline -0.011 -12"><span class='ocrx_word' id='word_1_99' title='bbox 286 1172 381 1220; x_wconf 83' lang='lat' dir='ltr'><strong>cari</strong></span> <span class='ocrx_word' id='word_1_100' title='bbox 412 1170 544 1231; x_wconf 79' lang='lat' dir='ltr'><strong>juffit.</strong></span> <span class='ocrx_word' id='word_1_101' title='bbox 571 1171 752 1225; x_wconf 84' lang='lat' dir='ltr'><strong>Naves,</strong></span> <span class='ocrx_word' id='word_1_102' title='bbox 779 1183 879 1230; x_wconf 79' lang='lat' dir='ltr'><strong>quae</strong></span> <span class='ocrx_word' id='word_1_103' title='bbox 901 1166 948 1211; x_wconf 87' lang='lat' dir='ltr'><strong>in</strong></span> <span class='ocrx_word' id='word_1_104' title='bbox 966 1163 1125 1211; x_wconf 85' lang='lat' dir='ltr'><strong>Tiberi</strong></span> <span class='ocrx_word' id='word_1_105' title='bbox 1151 1179 1312 1225; x_wconf 83' lang='lat' dir='ltr'><strong>paratae</strong></span> <span class='ocrx_word' id='word_1_106' title='bbox 1331 1160 1575 1208; x_wconf 54' lang='lat' dir='ltr'><strong>instruct&amp;</strong></span> 
     </span>
     <span class='ocr_line' id='line_1_15' title="bbox 288 1234 1575 1307; baseline -0.008 -19"><span class='ocrx_word' id='word_1_107' title='bbox 288 1261 377 1307; x_wconf 86' lang='lat' dir='ltr'><strong>que</strong></span> <span class='ocrx_word' id='word_1_108' title='bbox 406 1243 603 1299; x_wconf 73' lang='lat' dir='ltr'><strong>stabant,</strong></span> <span class='ocrx_word' id='word_1_109' title='bbox 639 1253 723 1298; x_wconf 87' lang='lat' dir='ltr'><strong>ut,</strong></span> <span class='ocrx_word' id='word_1_110' title='bbox 751 1240 783 1287; x_wconf 87' lang='lat' dir='ltr'>fi</span> <span class='ocrx_word' id='word_1_111' title='bbox 812 1256 892 1286; x_wconf 84' lang='lat' dir='ltr'><strong>rex</strong></span> <span class='ocrx_word' id='word_1_112' title='bbox 927 1237 1072 1301; x_wconf 83' lang='lat' dir='ltr'><strong>poffet</strong></span> <span class='ocrx_word' id='word_1_113' title='bbox 1099 1235 1320 1291; x_wconf 72' lang='lat' dir='ltr'><strong>resistere,</strong></span> <span class='ocrx_word' id='word_1_114' title='bbox 1351 1234 1400 1280; x_wconf 88' lang='lat' dir='ltr'><strong>in</strong></span> <span class='ocrx_word' id='word_1_115' title='bbox 1419 1235 1575 1280; x_wconf 85' lang='lat' dir='ltr'><strong>Mace·</strong></span> 
     </span>
     <span class='ocr_line' id='line_1_16' title="bbox 289 1303 1577 1367; baseline -0.01 -7"><span class='ocrx_word' id='word_1_116' title='bbox 289 1315 474 1364; x_wconf 85' lang='lat' dir='ltr'><strong>doniam</strong></span> <span class='ocrx_word' id='word_1_117' title='bbox 507 1313 789 1358; x_wconf 78' lang='lat' dir='ltr'><strong>mitterentur</strong></span> <span class='ocrx_word' id='word_1_118' title='bbox 804 1345 817 1367; x_wconf 94' lang='lat'>,</span> <span class='ocrx_word' id='word_1_119' title='bbox 849 1308 1063 1366; x_wconf 84' lang='lat' dir='ltr'><strong>subduci,</strong></span> <span class='ocrx_word' id='word_1_120' title='bbox 1084 1307 1196 1355; x_wconf 88' lang='lat' dir='ltr'><strong>&amp;in</strong></span> <span class='ocrx_word' id='word_1_121' title='bbox 1218 1304 1454 1353; x_wconf 86' lang='lat' dir='ltr'><strong>navalibus</strong></span> <span class='ocrx_word' id='word_1_122' title='bbox 1478 1303 1577 1351; x_wconf 90' lang='lat' dir='ltr'><strong>col-</strong></span> 
     </span>
     <span class='ocr_line' id='line_1_17' title="bbox 289 1377 1579 1440; baseline -0.009 -6"><span class='ocrx_word' id='word_1_123' title='bbox 289 1387 465 1434; x_wconf 83' lang='lat' dir='ltr'><strong>locari:</strong></span> <span class='ocrx_word' id='word_1_124' title='bbox 500 1386 651 1432; x_wconf 84' lang='lat' dir='ltr'><strong>socios</strong></span> <span class='ocrx_word' id='word_1_125' title='bbox 679 1383 890 1440; x_wconf 81' lang='lat' dir='ltr'><strong>navales,</strong></span> <span class='ocrx_word' id='word_1_126' title='bbox 912 1382 1018 1428; x_wconf 81' lang='lat' dir='ltr'><strong>dato</strong></span> <span class='ocrx_word' id='word_1_127' title='bbox 1051 1394 1206 1426; x_wconf 86' lang='lat' dir='ltr'><strong>annuo</strong></span> <span class='ocrx_word' id='word_1_128' title='bbox 1235 1379 1483 1440; x_wconf 85' lang='lat' dir='ltr'><strong>stipendio,</strong></span> <span class='ocrx_word' id='word_1_129' title='bbox 1506 1377 1579 1423; x_wconf 91' lang='lat' dir='ltr'><strong>di-</strong></span> 
     </span>
     <span class='ocr_line' id='line_1_18' title="bbox 292 1447 1579 1517; baseline -0.01 -11"><span class='ocrx_word' id='word_1_130' title='bbox 292 1459 440 1517; x_wconf 85' lang='lat' dir='ltr'><strong>mitti,</strong></span> <span class='ocrx_word' id='word_1_131' title='bbox 469 1459 519 1505; x_wconf 88' lang='lat'>&amp;</span> <span class='ocrx_word' id='word_1_132' title='bbox 543 1474 646 1504; x_wconf 88' lang='lat' dir='ltr'><strong>cum</strong></span> <span class='ocrx_word' id='word_1_133' title='bbox 684 1456 753 1502; x_wconf 88' lang='lat' dir='ltr'><strong>his</strong></span> <span class='ocrx_word' id='word_1_134' title='bbox 787 1470 946 1501; x_wconf 81' lang='lat' dir='ltr'><strong>omnes</strong></span> <span class='ocrx_word' id='word_1_135' title='bbox 967 1488 980 1512; x_wconf 90' lang='lat'><strong><em>‚</em></strong></span> <span class='ocrx_word' id='word_1_136' title='bbox 1016 1453 1094 1515; x_wconf 89' lang='lat' dir='ltr'><strong>qui</strong></span> <span class='ocrx_word' id='word_1_137' title='bbox 1129 1453 1189 1497; x_wconf 80' lang='lat' dir='ltr'><strong>in.</strong></span> <span class='ocrx_word' id='word_1_138' title='bbox 1210 1448 1406 1497; x_wconf 83' lang='lat' dir='ltr'><strong>consulis</strong></span> <span class='ocrx_word' id='word_1_139' title='bbox 1441 1447 1579 1494; x_wconf 83' lang='lat' dir='ltr'><strong>verba</strong></span> 
     </span>
     <span class='ocr_line' id='line_1_19' title="bbox 293 1520 1579 1594; baseline -0.009 -16"><span class='ocrx_word' id='word_1_140' title='bbox 293 1532 584 1594; x_wconf 76' lang='lat' dir='ltr'><strong>juraverant:</strong></span> <span class='ocrx_word' id='word_1_141' title='bbox 619 1530 669 1575; x_wconf 88' lang='lat'>&amp;</span> <span class='ocrx_word' id='word_1_142' title='bbox 695 1529 821 1593; x_wconf 90' lang='lat' dir='ltr'><strong>quod</strong></span> <span class='ocrx_word' id='word_1_143' title='bbox 848 1527 1042 1573; x_wconf 87' lang='lat' dir='ltr'><strong>militum</strong></span> <span class='ocrx_word' id='word_1_144' title='bbox 1073 1527 1294 1588; x_wconf 88' lang='lat' dir='ltr'><strong>Corcyrae</strong></span> <span class='ocrx_word' id='word_1_145' title='bbox 1314 1557 1327 1576; x_wconf 83' lang='lat'>,</span> <span class='ocrx_word' id='word_1_146' title='bbox 1357 1520 1579 1569; x_wconf 82' lang='lat' dir='ltr'><strong>Brundisii</strong></span> 
     </span>
     <span class='ocr_line' id='line_1_20' title="bbox 297 1595 1582 1665; baseline -0.008 -13"><span class='ocrx_word' id='word_1_147' title='bbox 297 1604 353 1652; x_wconf 81' lang='lat' dir='ltr'><strong>ad</strong></span> <span class='ocrx_word' id='word_1_148' title='bbox 371 1620 491 1650; x_wconf 87' lang='lat' dir='ltr'><strong>mare</strong></span> <span class='ocrx_word' id='word_1_149' title='bbox 507 1602 737 1665; x_wconf 83' lang='lat' dir='ltr'><strong>superum,</strong></span> <span class='ocrx_word' id='word_1_150' title='bbox 758 1613 836 1648; x_wconf 82' lang='lat' dir='ltr'><strong>aut</strong></span> <span class='ocrx_word' id='word_1_151' title='bbox 855 1601 899 1647; x_wconf 90' lang='lat' dir='ltr'><strong>in</strong></span> <span class='ocrx_word' id='word_1_152' title='bbox 920 1616 1027 1663; x_wconf 81' lang='lat' dir='ltr'><strong>agro</strong></span> <span class='ocrx_word' id='word_1_153' title='bbox 1047 1598 1244 1646; x_wconf 82' lang='lat' dir='ltr'><strong>Larinati</strong></span> <span class='ocrx_word' id='word_1_154' title='bbox 1265 1597 1390 1656; x_wconf 76' lang='lat' dir='ltr'><strong>esset,</strong></span> <span class='ocrx_word' id='word_1_155' title='bbox 1408 1595 1582 1660; x_wconf 86' lang='lat' dir='ltr'><strong>(omni-</strong></span> 
     </span>
     <span class='ocr_line' id='line_1_21' title="bbox 297 1669 1584 1736; baseline -0.007 -14"><span class='ocrx_word' id='word_1_156' title='bbox 297 1678 380 1725; x_wconf 88' lang='lat' dir='ltr'><strong>bus</strong></span> <span class='ocrx_word' id='word_1_157' title='bbox 412 1675 480 1721; x_wconf 87' lang='lat' dir='ltr'><strong>his</strong></span> <span class='ocrx_word' id='word_1_158' title='bbox 508 1674 621 1721; x_wconf 88' lang='lat' dir='ltr'><strong>locis</strong></span> <span class='ocrx_word' id='word_1_159' title='bbox 643 1673 879 1736; x_wconf 79' lang='lat' dir='ltr'><strong>dispositus</strong></span> <span class='ocrx_word' id='word_1_160' title='bbox 908 1671 1131 1719; x_wconf 69' lang='lat' dir='ltr'><strong>exercitus</strong></span> <span class='ocrx_word' id='word_1_161' title='bbox 1150 1669 1320 1727; x_wconf 85' lang='lat' dir='ltr'><strong>fuerat,</strong></span> <span class='ocrx_word' id='word_1_162' title='bbox 1340 1686 1442 1716; x_wconf 88' lang='lat' dir='ltr'><strong>cum</strong></span> <span class='ocrx_word' id='word_1_163' title='bbox 1463 1683 1584 1731; x_wconf 84' lang='lat' dir='ltr'><strong>quo,</strong></span> 
     </span>
     <span class='ocr_line' id='line_1_22' title="bbox 298 1741 1582 1811; baseline -0.008 -16"><span class='ocrx_word' id='word_1_164' title='bbox 298 1749 332 1796; x_wconf 81' lang='lat' dir='ltr'><strong>si</strong></span> <span class='ocrx_word' id='word_1_165' title='bbox 359 1764 427 1795; x_wconf 86' lang='lat' dir='ltr'><strong>res</strong></span> <span class='ocrx_word' id='word_1_166' title='bbox 454 1747 687 1811; x_wconf 85' lang='lat' dir='ltr'><strong>posceret,</strong></span> <span class='ocrx_word' id='word_1_167' title='bbox 721 1747 775 1793; x_wconf 87' lang='lat' dir='ltr'><strong>C.</strong></span> <span class='ocrx_word' id='word_1_168' title='bbox 796 1744 996 1792; x_wconf 79' lang='lat' dir='ltr'><strong>Licinius</strong></span> <span class='ocrx_word' id='word_1_169' title='bbox 1025 1743 1213 1806; x_wconf 82' lang='lat' dir='ltr'><strong>collegae</strong></span> <span class='ocrx_word' id='word_1_170' title='bbox 1248 1741 1384 1788; x_wconf 89' lang='lat' dir='ltr'><strong>ferret</strong></span> <span class='ocrx_word' id='word_1_171' title='bbox 1414 1741 1582 1802; x_wconf 89' lang='lat' dir='ltr'><strong>opem)</strong></span> 
     </span>
     <span class='ocr_line' id='line_1_23' title="bbox 301 1807 1586 1879; baseline -0.009 -10"><span class='ocrx_word' id='word_1_172' title='bbox 301 1824 389 1870; x_wconf 86' lang='lat' dir='ltr'><strong>hos</strong></span> <span class='ocrx_word' id='word_1_173' title='bbox 423 1837 581 1867; x_wconf 86' lang='lat' dir='ltr'><strong>omnes</strong></span> <span class='ocrx_word' id='word_1_174' title='bbox 610 1818 772 1866; x_wconf 84' lang='lat' dir='ltr'><strong>milites</strong></span> <span class='ocrx_word' id='word_1_175' title='bbox 801 1817 964 1863; x_wconf 90' lang='lat' dir='ltr'><strong>dimitti</strong></span> <span class='ocrx_word' id='word_1_176' title='bbox 993 1815 1173 1879; x_wconf 79' lang='lat' dir='ltr'><strong>placuit.</strong></span> <span class='ocrx_word' id='word_1_177' title='bbox 1202 1813 1478 1878; x_wconf 83' lang='lat' dir='ltr'><strong>Supplicatio</strong></span> <span class='ocrx_word' id='word_1_178' title='bbox 1498 1807 1586 1874; x_wconf 81' lang='lat' dir='ltr'><strong>pro</strong></span> 
     </span>
     <span class='ocr_line' id='line_1_24' title="bbox 304 1885 1589 1954; baseline -0.009 -13"><span class='ocrx_word' id='word_1_179' title='bbox 304 1893 533 1942; x_wconf 87' lang='lat' dir='ltr'><strong>concione</strong></span> <span class='ocrx_word' id='word_1_180' title='bbox 562 1891 723 1954; x_wconf 86' lang='lat' dir='ltr'><strong>populi</strong></span> <span class='ocrx_word' id='word_1_181' title='bbox 743 1890 907 1937; x_wconf 62' lang='lat' dir='ltr'><strong>indicta</strong></span> <span class='ocrx_word' id='word_1_182' title='bbox 935 1889 995 1935; x_wconf 84' lang='lat' dir='ltr'><strong>est</strong></span> <span class='ocrx_word' id='word_1_183' title='bbox 1014 1925 1027 1945; x_wconf 87' lang='lat'><em>‚</em></span> <span class='ocrx_word' id='word_1_184' title='bbox 1043 1905 1098 1934; x_wconf 76' lang='lat' dir='ltr'><strong>ex</strong></span> <span class='ocrx_word' id='word_1_185' title='bbox 1119 1904 1218 1934; x_wconf 84' lang='lat' dir='ltr'><strong>ante</strong></span> <span class='ocrx_word' id='word_1_186' title='bbox 1241 1888 1358 1934; x_wconf 83' lang='lat' dir='ltr'><strong>diem</strong></span> <span class='ocrx_word' id='word_1_187' title='bbox 1377 1885 1589 1949; x_wconf 83' lang='lat' dir='ltr'><strong>quintum</strong></span> 
     </span>
     <span class='ocr_line' id='line_1_25' title="bbox 306 1960 1375 2025; baseline -0.008 -11"><span class='ocrx_word' id='word_1_188' title='bbox 306 1969 407 2015; x_wconf 84' lang='lat' dir='ltr'><strong>Idus</strong></span> <span class='ocrx_word' id='word_1_189' title='bbox 427 1966 649 2013; x_wconf 59' lang='lat' dir='ltr'><strong>Octobres</strong></span> <span class='ocrx_word' id='word_1_190' title='bbox 670 1982 771 2011; x_wconf 86' lang='lat' dir='ltr'><strong>cum</strong></span> <span class='ocrx_word' id='word_1_191' title='bbox 800 1980 857 2010; x_wconf 90' lang='lat' dir='ltr'><strong>eo</strong></span> <span class='ocrx_word' id='word_1_192' title='bbox 878 1964 949 2009; x_wconf 86' lang='lat' dir='ltr'><strong>die</strong></span> <span class='ocrx_word' id='word_1_193' title='bbox 970 1963 1017 2007; x_wconf 89' lang='lat' dir='ltr'><strong>in</strong></span> <span class='ocrx_word' id='word_1_194' title='bbox 1045 1962 1242 2025; x_wconf 87' lang='lat' dir='ltr'><strong>quinque</strong></span> <span class='ocrx_word' id='word_1_195' title='bbox 1270 1960 1375 2006; x_wconf 89' lang='lat' dir='ltr'><strong>dies.</strong></span> 
     </span>
    </p>

    <p class='ocr_par' dir='ltr' id='par_1_3' title="bbox 301 2031 1658 2534">
     <span class='ocr_line' id='line_1_26' title="bbox 374 2031 1592 2101; baseline -0.007 -15"><span class='ocrx_word' id='word_1_196' title='bbox 374 2042 445 2086; x_wconf 89' lang='lat'><em>111.</em></span> <span class='ocrx_word' id='word_1_197' title='bbox 480 2041 545 2084; x_wconf 86' lang='lat' dir='ltr'><strong>Ex</strong></span> <span class='ocrx_word' id='word_1_198' title='bbox 580 2037 767 2101; x_wconf 88' lang='lat' dir='ltr'><strong>Illyrico</strong></span> <span class='ocrx_word' id='word_1_199' title='bbox 802 2035 895 2081; x_wconf 87' lang='lat' dir='ltr'><strong>duo</strong></span> <span class='ocrx_word' id='word_1_200' title='bbox 927 2035 1090 2098; x_wconf 79' lang='lat' dir='ltr'><strong>legati,</strong></span> <span class='ocrx_word' id='word_1_201' title='bbox 1121 2035 1175 2081; x_wconf 90' lang='lat' dir='ltr'><strong>C.</strong></span> <span class='ocrx_word' id='word_1_202' title='bbox 1208 2031 1403 2078; x_wconf 85' lang='lat' dir='ltr'><strong>Licinius</strong></span> <span class='ocrx_word' id='word_1_203' title='bbox 1434 2031 1592 2077; x_wconf 84' lang='lat' dir='ltr'><strong>Nerva</strong></span> 
     </span>
     <span class='ocr_line' id='line_1_27' title="bbox 311 2106 1594 2166; baseline -0.011 -7"><span class='ocrx_word' id='word_1_204' title='bbox 311 2113 362 2159; x_wconf 88' lang='lat'>&amp;</span> <span class='ocrx_word' id='word_1_205' title='bbox 383 2112 431 2156; x_wconf 79' lang='lat' dir='ltr'><strong>P.</strong></span> <span class='ocrx_word' id='word_1_206' title='bbox 452 2109 653 2166; x_wconf 86' lang='lat' dir='ltr'><strong>Decius,</strong></span> <span class='ocrx_word' id='word_1_207' title='bbox 682 2107 976 2160; x_wconf 77' lang='lat' dir='ltr'><strong>nuntiarunt,</strong></span> <span class='ocrx_word' id='word_1_208' title='bbox 1003 2108 1221 2150; x_wconf 72' lang='lat' dir='ltr'><strong>exercitum</strong></span> <span class='ocrx_word' id='word_1_209' title='bbox 1256 2106 1492 2164; x_wconf 77' lang='lat' dir='ltr'><strong>Illyriorum</strong></span> <span class='ocrx_word' id='word_1_210' title='bbox 1519 2118 1594 2146; x_wconf 75' lang='grc' dir='ltr'><strong>ειε-</strong></span> 
     </span>
     <span class='ocr_line' id='line_1_28' title="bbox 301 2175 1594 2247; baseline -0.011 -17"><span class='ocrx_word' id='word_1_211' title='bbox 301 2185 432 2247; x_wconf 77' lang='grc' dir='ltr'><strong>]ὶιιιι.·</strong></span> <span class='ocrx_word' id='word_1_212' title='bbox 466 2184 663 2227; x_wconf 77' lang='lat' dir='ltr'><strong>Gentium</strong></span> <span class='ocrx_word' id='word_1_213' title='bbox 691 2197 815 2240; x_wconf 73' lang='lat' dir='ltr'><strong>regem</strong></span> <span class='ocrx_word' id='word_1_214' title='bbox 846 2194 1011 2238; x_wconf 74' lang='lat' dir='ltr'><strong>captum</strong></span> <span class='ocrx_word' id='word_1_215' title='bbox 1030 2211 1043 2233; x_wconf 87' lang='lat'>,</span> <span class='ocrx_word' id='word_1_216' title='bbox 1073 2180 1118 2221; x_wconf 76' lang='lat' dir='ltr'><strong>in</strong></span> <span class='ocrx_word' id='word_1_217' title='bbox 1146 2179 1302 2221; x_wconf 79' lang='lat' dir='ltr'><strong>dicione</strong></span> <span class='ocrx_word' id='word_1_218' title='bbox 1324 2176 1474 2234; x_wconf 80' lang='lat' dir='ltr'><strong>populi</strong></span> <span class='ocrx_word' id='word_1_219' title='bbox 1502 2175 1594 2217; x_wconf 87' lang='lat' dir='ltr'><strong>Ro·-</strong></span> 
     </span>
     <span class='ocr_line' id='line_1_29' title="bbox 315 2246 1596 2314; baseline -0.011 -11"><span class='ocrx_word' id='word_1_220' title='bbox 315 2259 434 2303; x_wconf 77' lang='lat' dir='ltr'><strong>mani</strong></span> <span class='ocrx_word' id='word_1_221' title='bbox 452 2254 494 2302; x_wconf 63' lang='grc' dir='ltr'><strong>δ’</strong></span> <span class='ocrx_word' id='word_1_222' title='bbox 515 2257 732 2314; x_wconf 70' lang='grc' dir='ltr'><em>Ιίζγνίειιηι</em></span> <span class='ocrx_word' id='word_1_223' title='bbox 764 2251 851 2314; x_wconf 80' lang='lat' dir='ltr'><strong>effi.</strong></span> <span class='ocrx_word' id='word_1_224' title='bbox 886 2250 961 2295; x_wconf 87' lang='lat' dir='ltr'><strong>Ob</strong></span> <span class='ocrx_word' id='word_1_225' title='bbox 982 2265 1052 2295; x_wconf 73' lang='lat' dir='ltr'><strong>eas</strong></span> <span class='ocrx_word' id='word_1_226' title='bbox 1071 2265 1167 2305; x_wconf 84' lang='lat' dir='ltr'><strong>res,</strong></span> <span class='ocrx_word' id='word_1_227' title='bbox 1191 2249 1329 2311; x_wconf 76' lang='lat' dir='ltr'><strong>gestas</strong></span> <span class='ocrx_word' id='word_1_228' title='bbox 1355 2246 1488 2291; x_wconf 69' lang='grc' dir='ltr'><strong>ἀῑιξὶιι</strong></span> <span class='ocrx_word' id='word_1_229' title='bbox 1511 2262 1596 2290; x_wconf 84' lang='lat' dir='ltr'><strong>au·-</strong></span> 
     </span>
     <span class='ocr_line' id='line_1_30' title="bbox 318 2317 1598 2391; baseline -0.01 -16"><span class='ocrx_word' id='word_1_230' title='bbox 318 2328 550 2391; x_wconf 87' lang='lat' dir='ltr'><strong>spicioque</strong></span> <span class='ocrx_word' id='word_1_231' title='bbox 582 2327 629 2372; x_wconf 92' lang='lat' dir='ltr'><strong>L.</strong></span> <span class='ocrx_word' id='word_1_232' title='bbox 659 2324 805 2370; x_wconf 83' lang='lat' dir='ltr'><strong>Anicii</strong></span> <span class='ocrx_word' id='word_1_233' title='bbox 844 2321 1079 2384; x_wconf 74' lang='lat' dir='ltr'><strong>praetoris,</strong></span> <span class='ocrx_word' id='word_1_234' title='bbox 1108 2320 1280 2365; x_wconf 77' lang='lat' dir='ltr'><strong>senatus</strong></span> <span class='ocrx_word' id='word_1_235' title='bbox 1314 2318 1361 2364; x_wconf 90' lang='lat' dir='ltr'><strong>in</strong></span> <span class='ocrx_word' id='word_1_236' title='bbox 1399 2317 1598 2362; x_wconf 86' lang='lat' dir='ltr'><strong>triduum</strong></span> 
     </span>
     <span class='ocr_line' id='line_1_31' title="bbox 319 2392 1597 2464; baseline -0.012 -14"><span class='ocrx_word' id='word_1_237' title='bbox 319 2400 669 2464; x_wconf 84' lang='lat' dir='ltr'><strong>supplicationes</strong></span> <span class='ocrx_word' id='word_1_238' title='bbox 701 2396 903 2444; x_wconf 84' lang='lat' dir='ltr'><strong>decrevit</strong></span> <span class='ocrx_word' id='word_1_239' title='bbox 923 2430 935 2451; x_wconf 88' lang='lat'><strong>‚</strong></span> <span class='ocrx_word' id='word_1_240' title='bbox 964 2407 1011 2441; x_wconf 91' lang='lat' dir='ltr'><strong>ut</strong></span> <span class='ocrx_word' id='word_1_241' title='bbox 1047 2395 1216 2440; x_wconf 81' lang='lat' dir='ltr'><strong>Latinae</strong></span> <span class='ocrx_word' id='word_1_242' title='bbox 1248 2392 1400 2438; x_wconf 69' lang='lat' dir='ltr'><strong>edi&amp;ae</strong></span> <span class='ocrx_word' id='word_1_243' title='bbox 1428 2407 1452 2436; x_wconf 87' lang='lat' dir='ltr'>a</span> <span class='ocrx_word' id='word_1_244' title='bbox 1485 2406 1597 2436; x_wconf 86' lang='lat' dir='ltr'><strong>con·</strong></span> 
     </span>
     <span class='ocr_line' id='line_1_32' title="bbox 322 2454 1658 2534; baseline -0.012 -13"><span class='ocrx_word' id='word_1_245' title='bbox 322 2475 414 2522; x_wconf 85' lang='lat' dir='ltr'><strong>sule</strong></span> <span class='ocrx_word' id='word_1_246' title='bbox 431 2474 532 2521; x_wconf 88' lang='lat' dir='ltr'><strong>sunt</strong></span> <span class='ocrx_word' id='word_1_247' title='bbox 548 2472 594 2520; x_wconf 88' lang='lat' dir='ltr'><strong>in</strong></span> <span class='ocrx_word' id='word_1_248' title='bbox 621 2484 722 2519; x_wconf 84' lang='lat' dir='ltr'><strong>ante</strong></span> <span class='ocrx_word' id='word_1_249' title='bbox 750 2482 960 2534; x_wconf 82' lang='lat' dir='ltr'><strong>quartum</strong></span> <span class='ocrx_word' id='word_1_250' title='bbox 982 2470 1031 2515; x_wconf 88' lang='lat'>&amp;</span> <span class='ocrx_word' id='word_1_251' title='bbox 1055 2466 1235 2513; x_wconf 85' lang='lat' dir='ltr'><strong>tertium</strong></span> <span class='ocrx_word' id='word_1_252' title='bbox 1262 2467 1311 2512; x_wconf 73' lang='grc' dir='ltr'><strong>δι</strong></span> <span class='ocrx_word' id='word_1_253' title='bbox 1333 2462 1475 2527; x_wconf 84' lang='lat' dir='ltr'><strong>pridie</strong></span> <span class='ocrx_word' id='word_1_254' title='bbox 1494 2461 1597 2507; x_wconf 72' lang='lat' dir='ltr'><strong>ldus</strong></span> <span class='ocrx_word' id='word_1_255' title='bbox 1653 2454 1658 2458; x_wconf 53' lang='lat'><em>⁷</em></span> 
     </span>
    </p>
   </div>
  </div>
 </body>
</html>
