1673 3052
271 208 395 271 258,
439 209 533 256 Jo.
583 198 1102 256 FREI'NSHEMH
1138 210 1501 263 SUPPLEM.

327 315 434 355 XLI.
473 316 609 366 Neque
638 312 739 353 male
764 312 962 365 respondit
985 315 1020 355 ei
1048 315 1318 360 benevolentia
1348 323 1388 367 ἃ,
1407 320 1565 362 honori-

268 376 343 420 bus
370 380 522 427 civitas,
549 379 691 430 quippe
715 379 894 418 maximis
913 381 1221 422 condecoratum
1251 384 1558 435 magistratibus,

267 441 359 492 plus
374 442 487 480 etiam
508 441 667 492 impensi
686 442 827 480 amoris
854 441 1118 483 testificatione
1145 446 1307 486 ornavit.
1336 447 1413 487 Sed
1430 450 1466 487 δε
1485 448 1561 488 alia

265 507 426 552 omnia,
459 518 542 555 quae
583 504 758 546 homines
788 505 932 545 faventi
966 506 1132 548 fortunae
1170 521 1378 560 acceptum
1411 510 1565 561 ferunt,

271 565 506 606 cumulatim
530 567 564 606 ei
586 568 789 610 obvenere.
812 567 890 608 Sub
914 567 1032 607 finem
1057 570 1169 618 vitae,
1196 571 1400 622 postquam
1422 572 1566 623 Veliae,

267 643 349 681 quo
371 630 409 670 se
429 644 475 670 ex
499 631 654 671 consilio
678 632 920 672 medicorum
943 633 1181 683 contulerat,
1198 637 1241 675 in
1260 636 1403 676 seceffu
1423 639 1460 678 &
1480 640 1565 678 otio

263 693 335 732 diu
365 693 490 732 fuerat
511 694 702 742 versatuS,
730 693 959 734 desiderium
982 709 1064 735 non
1093 697 1219 737 ferens
1245 697 1445 748 populus,
1473 712 1564 740 cum

267 755 360 796 alias
375 787 388 805 ,
414 764 497 796 tum
525 758 566 797 in
584 757 756 806 theatro,
784 757 934 797 crebras
956 757 1098 798 edebat
1122 759 1441 810 fignificationeS,
1469 775 1508 801 ut
1525 763 1568 814 [ξ

265 819 458 871 conspefflui
478 820 574 858 civia
589 836 608 857 ,τ
631 820 792 859 redderet.
829 820 903 860 His
927 820 1271 861 acclamationibus
1285 853 1296 870 ‚
1320 825 1356 863 δι
1377 822 1564 864 sacrificio

267 879 438 935 quodam
463 880 625 921 solemni
653 882 813 921 instante
834 881 1012 922 inductus
1038 883 1091 922 est
1107 914 1116 931 ‚
1136 892 1179 935 ut
1205 884 1370 924 Romam
1397 894 1564 925 reverte-

265 952 394 984 retur:
421 945 540 996 idque
559 946 707 986 sacrum
729 959 820 985 cum
840 945 999 998 collegis
1027 946 1102 987 suis
1125 948 1223 987 inter
1252 949 1461 989 maximam
1482 963 1566 1001 gra-

266 1006 423 1046 tulantis
452 1008 590 1059 populi
622 1009 877 1060 frequentiam
907 1009 1066 1059 peregit.
1113 1010 1296 1050 Postridie
1326 1011 1450 1050 rursus
1478 1011 1560 1062 ipse

266 1083 338 1121 pro
354 1070 418 1110 sua
433 1071 708 1115 ineoiurnitate
719 1073 834 1111 fecit:
856 1071 1068 1122 statimque,
1086 1080 1129 1112 ut
1140 1072 1308 1113 reversus
1322 1074 1373 1113 est
1389 1075 1565 1125 domum,

269 1132 406 1171 delirio
432 1142 660 1183 correptus,
696 1146 763 1183 per
802 1132 908 1183 quod
939 1145 987 1172 ne
1016 1132 1153 1174 sentire
1186 1134 1344 1186 quidem
1378 1135 1563 1176 morbum

265 1194 416 1245 posset,
443 1196 554 1245 tertia
581 1195 722 1234 deinde
752 1194 839 1234 luce
864 1192 1078 1244 exspiravit.

323 1257 448 1297 XLH.
477 1258 579 1297 Tum
600 1270 688 1296 vero
712 1258 863 1307 patuit,
887 1266 1053 1307 quantus
1073 1258 1176 1309 apud
1195 1272 1329 1298 omnes
1345 1271 1454 1298 amor
1478 1261 1562 1309 ejus

267 1320 365 1367 viri,
390 1329 605 1370 quantaque
627 1320 821 1360 veneratio
849 1320 952 1358 effet.
1000 1321 1101 1359 Nam
1127 1321 1176 1360 ad
1199 1321 1476 1361 deductionem
1503 1321 1564 1359 fu-

267 1383 390 1431 neris,
416 1397 496 1422 non
522 1383 640 1422 modo
663 1382 1068 1427 manuariiartifices,
1091 1391 1294 1431 ceteraque
1318 1383 1404 1423 vilis
1430 1383 1564 1431 turba,

266 1444 338 1483 suo
362 1444 518 1494 quisque
535 1443 668 1481 relic‘to
683 1455 821 1492 opere,
839 1443 1016 1481 certatim
1034 1441 1338 1492 concurrerunt,
1360 1444 1424 1484 sed
1447 1445 1565 1484 etiam

269 1506 508 1556 magistratus
531 1513 644 1555 atque
661 1504 811 1544 senatus
830 1504 976 1554 justitio
1000 1504 1125 1544 sumto
1143 1518 1201 1545 res
1215 1506 1423 1556 protulere.
1456 1509 1565 1555 Quin

272 1569 309 1606 ἃ
331 1581 379 1607 ex
406 1568 774 1618 circumjacentibus
807 1568 1026 1619 municipiis
1042 1599 1052 1616 ,
1082 1577 1274 1620 quotquot
1297 1582 1499 1609 occurrere
1523 1568 1564 1608 in

206 1679 208 1681 ‚
269 1639 444 1679 tempore
467 1638 673 1680 potuerant
685 1660 696 1678 ,
710 1630 858 1670 visendi
880 1628 990 1669 fimul
1006 1629 1302 1682 honorandique
1317 1631 1460 1670 funeris
1475 1643 1568 1670 cau·-

269 1690 308 1728 sa
337 1690 596 1730 confluebant.
635 1691 746 1731 Unde
771 1703 858 1730 raro
890 1690 1167 1740 splendidiores
1203 1691 1428 1741 cujusquam
1461 1690 1566 1730 exse·

271 1754 371 1802 quiae
397 1752 532 1800 fuere,
558 1766 637 1791 non
667 1761 748 1792 tam
774 1765 865 1792 auro
890 1760 955 1791 aut
980 1752 1121 1801 ebore,
1139 1752 1333 1803 ceterique
1359 1761 1566 1804 apparatus

270 1817 417 1863 nitore,
441 1828 555 1865 quam
582 1815 716 1865 insigni
747 1815 924 1854 omnium
944 1814 1215 1854 benevolentia
1242 1815 1466 1866 studioque,
1492 1815 1566 1854 de-

270 1876 448 1915 functum
477 1875 762 1915 decorantibus.
791 1875 1093 1915 Praeferebantur
1109 1876 1289 1926 quidem,
1307 1885 1349 1915 ut
1367 1877 1407 1915 in
1430 1876 1565 1915 funere

272 1937 495 1977 nobiliffimi
517 1939 612 1988 viri,
635 1938 751 1989 longa
777 1937 869 1976 serie
900 1939 1091 1986 majorum
1120 1937 1328 1987 imagines3
1351 1936 1415 1976 sed
1440 1938 1564 1986 majus

272 2008 544 2038 ornamentum
579 2009 659 2039 erat
686 2002 725 2038 in
752 2000 832 2050 ipsa
859 2000 1064 2040 hominum
1094 1999 1310 2048 frequentia
1327 2029 1338 2047 ,
1367 2011 1457 2038 cum
1483 2012 1563 2038 non

272 2064 371 2102 cives
402 2063 544 2110 modo,
569 2062 633 2102 sed
664 2075 713 2101 ex
734 2061 986 2100 infensissimis
1010 2061 1128 2100 modo
1154 2059 1324 2099 hostibus
1340 2092 1351 2109 ,
1371 2069 1565 2112 quotquot

271 2125 452 2169 aderant,
478 2136 566 2174 erga
591 2123 815 2162 memoriam
839 2131 943 2161 tanta
967 2123 1033 2160 viri
1057 2131 1247 2160 certarent
1274 2122 1415 2162 studiis.
1450 2122 1567 2162 Vide-

271 2200 329 2226 res
354 2201 400 2226 ex
429 2186 655 2236 Liguribus,
678 2199 726 2224 ex
744 2185 945 2235 Hispanis,
974 2197 1021 2224 ex
1047 2185 1333 2224 Macedonibus
1358 2184 1564 2225 validiores

275 2248 444 2299 quosque
466 2250 565 2287 circa
580 2248 724 2287 lec'tum
747 2248 949 2286 funebrem
970 2247 1172 2286 ambitiose
1189 2248 1390 2298 diligentes
1408 2261 1416 2287 :
1438 2247 1566 2297 seque-

274 2310 383 2349 batur
410 2310 518 2349 turba
544 2309 752 2356 seniorum,
775 2312 967 2359 &magno
990 2321 1080 2348 cum
1105 2308 1243 2348 affeetu
1262 2312 1474 2363 servatorem
1489 2310 1565 2361 fita:

272 2375 411 2426 quifiyue
442 2374 564 2426 patriar
596 2384 848 2425 patronumque
883 2371 1113 2422 appellabat.
1155 2373 1283 2422 Quem
1313 2371 1414 2411 enim
1441 2382 1564 2409 arma-

275 2442 356 2474 tum
384 2441 695 2484 pugnantemque
719 2431 844 2471 hostes
866 2431 917 2471 ob
934 2434 1114 2471 virtutem
1142 2433 1372 2481 timuerant,
1392 2430 1562 2471 eundem

321 2525 344 2568 5
374 2523 458 2557 xm,
488 2502 630 2558 [nodox.
652 2524 746 2559 ven.
765 2535 795 2558 1.
811 2537 843 2569 9.
862 2523 1049 2559 val.Max.
