1673 3052
292 183 380 231 186
637 183 1200 232 T1T1L1V11

284 289 468 338 fratrem
508 290 711 348 haberet,
751 290 874 352 posse
911 289 953 338 se
986 290 1128 354 recipi
1165 288 1573 355 Alexa'ndreaes&

285 363 443 410 sorore
460 361 729 424 adjuvante,
745 364 794 410 &
813 379 908 410 non
925 363 1277 427 repugnantibus
1296 363 1444 412 fratris
1464 364 1572 410 ami-

284 433 376 492 cis,
397 445 537 489 ratus;
566 434 760 497 primum
789 435 845 481 ad
867 435 1096 492 sororem,
1117 435 1276 482 deinde
1305 435 1361 483 ad
1392 434 1574 484 fratrem

284 504 545 570 amicosque
581 505 700 567 ejus,
729 522 824 552 non
854 507 978 569 prius
1011 505 1177 554 destitit
1207 507 1412 567 mittere,
1439 524 1573 572 quam

284 596 443 643 pacem
474 598 576 628 cum
604 581 656 628 iis
686 579 988 628 confirmaret.
1016 579 1273 643 SuspeE'tum
1295 581 1572 645 Antiochum

286 655 518 716 effecerat,
538 656 661 719 quod
674 692 687 714 ‚
706 667 854 703 cetera
875 656 1079 719 AEgypto
1101 653 1180 700 fibi
1207 646 1366 700 tradita
1381 690 1395 712 ,
1415 653 1574 701 Pelusii

285 728 488 776 validum
517 729 716 776 relietum
743 739 836 775 erat
858 727 1123 790 praesidium.
1157 725 1422 789 apparebat,
1450 726 1576 774 clau-

285 801 371 848 stra
391 800 577 866 AEgypti
604 799 776 855 teneri,
802 813 877 857 ut,
904 817 1008 848 cum
1040 799 1200 857 vellet,
1222 798 1372 846 rursus
1398 798 1577 847 exerci-

286 886 382 920 tum
411 873 673 920 induceret:
696 871 818 918 bello
840 871 1052 919 intestino
1073 888 1175 919 cum
1197 871 1334 918 fratre
1361 870 1577 940 eum'exi-

286 959 383 995 tum
412 948 538 1005 fore,
559 943 609 994 iit
641 946 814 1004 vietor,
836 945 967 993 feffus
991 946 1260 1002 certamine,
1293 962 1575 1010 nequaquam

286 1038 369 1083 par
389 1020 626 1067 Antiocho
653 1019 829 1066 futurus
853 1018 970 1066 effer.
1000 1021 1133 1075 Haec,
1162 1020 1405 1081 prudenter
1430 1019 1578 1067 anim·
1630 1024 1643 1039 ²

287 1094 470 1141 adversa
490 1112 514 1141 a
532 1092 702 1154 majore
716 1129 730 1151 ‚
752 1110 854 1140 cum
875 1090 1042 1138 assensu
1059 1093 1211 1139 minor
1229 1092 1387 1152 frater,
1404 1092 1578 1157 quique

287 1185 392 1215 cum
424 1184 481 1214 eo
514 1181 662 1225 erant,
694 1180 995 1229 acceperunt:
1018 1166 1148 1214 soror
1180 1167 1425 1230 plurimum
1454 1167 1578 1229 adju-

287 1239 384 1298 ·vit,
401 1257 496 1287 non
515 1241 707 1289 consilio
729 1240 870 1286 modo
883 1275 897 1296 ,
916 1238 989 1285 sed
1008 1239 1138 1286 etiam
1157 1240 1379 1302 precibus.
1396 1242 1550 1303 ltaque
1563 1275 1579 1298 ,
1650 1231 1652 1234 ⁸

288 1313 674 1363 consentientibus
713 1313 882 1360 camsilis
922 1329 1032 1375 pace
1078 1311 1218 1369 fafia,
1252 1311 1578 1359 Alexandream

287 1388 504 1451 recipitur
524 1425 538 1446 ,
559 1405 614 1435 ne
639 1387 926 1434 multitudine
954 1387 1137 1451 quidem
1167 1386 1431 1434 adversante
1450 1405 1460 1434 :
1476 1403 1579 1450 quae

288 1460 338 1508 in
353 1460 476 1508 bello
491 1495 505 1518 ‚
525 1476 620 1506 non
635 1476 720 1522 ,per
736 1458 1018 1506 obsidionem
1037 1459 1179 1505 modo
1191 1495 1205 1517 ‚
1219 1458 1291 1505 sed
1308 1459 1440 1507 etiam
1458 1458 1577 1521 post-

287 1552 420 1598 quam
441 1552 467 1581 a
486 1534 713 1583 moenibus
731 1532 973 1581 abscessum
993 1532 1054 1579 est
1070 1568 1083 1591 ,
1104 1531 1210 1596 quia
1230 1532 1343 1579 nihil
1361 1549 1417 1579 ex
1437 1534 1580 1596 AEgy-

287 1620 372 1672 pto
401 1608 757 1666 subvehebatur‚
777 1606 982 1654 omnium
1004 1623 1152 1654 rerum
1178 1618 1404 1654 attenuata
1424 1606 1580 1669 inopia

288 1694 399 1730 erat.
428 1682 509 1729 His
529 1699 631 1730 cum
660 1680 802 1728 laetari
821 1679 1104 1728 Antiochum
1135 1680 1417 1728 conveniens
1443 1679 1578 1736 esset,

288 1755 321 1803 si
352 1755 596 1803 reducendi
626 1754 720 1817 ejus
742 1754 871 1802 causa
902 1754 1151 1802 exercitum
1171 1755 1419 1818 AEgyptum
1445 1752 1579 1799 indu-

287 1827 445 1886 xisset,
465 1845 558 1890 quo
592 1827 796 1891 specioso
825 1828 962 1875 titulo
982 1828 1038 1874 ad
1062 1844 1220 1875 omnes
1245 1826 1359 1874 Afiae
1379 1827 1580 1874 &Grae-

288 1900 373 1947 ciae
395 1900 620 1959 civitates,
640 1900 942 1964 legationibus
961 1899 1232 1963 recipiendis
1256 1897 1488 1962 literisque
1506 1897 1579 1944 di-

290 1973 546 2033 mittendis,
578 1975 679 2021 usus
710 1987 827 2034 erat,
862 1976 976 2022 adeo
1005 1974 1067 2021 est
1098 1973 1322 2031 offensus,
1354 1984 1402 2019 ut
1433 1971 1580 2018 multo

291 2046 440 2093 acrius
472 2046 762 2110 infestiusque
790 2046 999 2095 adversus
1034 2047 1149 2095 duos
1167 2083 1181 2104 ,
1203 2063 1340 2110 quam
1366 2056 1468 2092 ante
1499 2044 1581 2091 ad·-

291 2120 448 2166 versus
475 2137 644 2178 unum,
679 2131 854 2181 pararet
886 2118 1071 2167 bellum.
1108 2121 1318 2183 Cyprum
1347 2118 1582 2181 extemplo

291 2192 467 2240 class'em
489 2192 633 2239 misit:
655 2192 770 2254 ipse,
793 2192 943 2253 primo
966 2209 1074 2239 vere
1093 2210 1195 2240 cum
1213 2192 1415 2240 exercitu
1434 2192 1582 2254 AEgy-

289 2276 423 2326 ptum
464 2275 646 2325 petens,
682 2263 729 2308 in
758 2263 926 2309 Coelen
964 2262 1143 2326 Syriam
1181 2262 1407 2326 proces-lit.
1450 2262 1583 2309 Circa

292 2335 615 2383 Rhinocolura
649 2335 883 2384 Ptolemaei
923 2336 1077 2399 legatis
1117 2336 1348 2400 agentibus
1389 2334 1582 2399 gratias,

292 2408 422 2470 quod
441 2425 520 2471 per
550 2425 653 2456 eum
685 2425 871 2472 regnum
896 2409 1088 2471 patrium
1115 2407 1372 2472 recepiffet,
1391 2407 1584 2471 petenti-

296 2479 491 2545 busque,
514 2493 566 2531 ut
583 2481 715 2544 suum⁵
731 2499 893 2531 munus
912 2495 1112 2532 tueretur
1124 2518 1140 2545 ,
1157 2484 1207 2533 &
1226 2481 1392 2532 diceret
1406 2479 1583 2546 potius,
