1673 3052
325 204 875 256 HISTORIARUM
904 207 1034 256 MR.
1068 208 1211 254 XLV.
1315 220 1402 268 213

112 334 238 367 ram:
265 316 509 364 maritimas
528 332 716 378 quoque
739 314 1106 376 opportunitates
1131 313 1169 360 ei
1201 312 1405 373 praebent

114 401 277 453 portus
303 389 358 435 ad
371 391 596 437 Toronen
623 405 674 434 ac
701 402 902 434 montem
932 388 1052 434 Atho
1070 424 1083 445 ‚
1109 386 1292 451 (AEneae
1314 401 1404 430 vo·-

75 471 81 476 ’
113 470 219 511 cant
245 461 396 525 hunc)
432 461 507 508 alii
541 462 594 508 ad
630 460 816 507 insulam
845 463 1090 516 Euboeam,
1121 460 1197 507 alii
1216 459 1269 505 ad
1297 458 1404 504 Hel-

112 536 371 598 lespontum
405 547 671 597 opportune
710 535 838 581 versi.
879 536 1032 581 Tertia
1066 536 1192 598 regio
1226 533 1404 582 nobiles

113 609 276 666 urbes,
307 608 505 654 Edeffam
536 611 583 654 &
611 608 813 653 Beroeam
844 607 894 653 &
928 606 1121 660 Pellam,
1154 606 1313 661 habet,
1354 606 1404 652 &5

115 678 375 726 Vettiorum
399 678 655 725 bellicosam
680 691 882 742 gentem:
903 677 1077 725 incolas
1099 686 1284 740 quoque
1307 692 1405 737 per-

112 752 282 800 multos
302 752 463 800 Gallos
488 752 537 799 &
556 752 762 815 Illyrios,
781 750 997 813 impigros
1019 751 1232 797 cultores.
1254 752 1404 810 Quar-

110 835 203 870 tam
222 823 456 886 regionem
478 824 656 870 Eordaei
677 825 726 870 &
747 823 982 887 Lyncestae
1002 824 1051 870 &
1073 823 1318 886 Pelagones
1335 823 1404 869 ἰη-

112 896 303 952 colunt;
322 895 470 957 juncta
490 897 557 943 his
579 896 806 943 Atintania
820 932 834 954 ‚
853 899 902 944 δέ
922 897 1225 959 Stymphalis,
1247 899 1293 945 &
1315 897 1403 942 Eli-

113 967 282 1015 miotis.
314 967 473 1030 frigida
493 968 590 1014 haec
612 969 761 1028 omnis
778 1004 790 1025 ‚
819 969 1018 1032 duraque
1036 969 1159 1016 cultu
1173 1006 1188 1026 ,
1217 971 1266 1016 ὅ(
1283 969 1405 1032 aspe-

113 1057 162 1088 ra
183 1041 310 1104 plaga
331 1041 418 1087 est:
450 1041 681 1088 cultorum
705 1058 889 1105 quoque
919 1040 1100 1105 ingenia
1123 1036 1265 1088 terrae*
1282 1042 1405 1088 fimi-

112 1113 173 1160 lia
193 1113 339 1160 habet.
371 1112 620 1161 ferociores
654 1129 734 1160 eos
753 1114 803 1160 ὅ(
825 1113 995 1159 accolae
1014 1112 1189 1159 barbari
1208 1113 1403 1169 faciunt;

112 1203 238 1233 nunc
265 1186 390 1233 bello
419 1199 707 1245 exercentes,
729 1203 850 1234 nunc
881 1186 926 1232 in
953 1203 1062 1249 pace
1081 1186 1316 1233 miscentes
1339 1186 1403 1232 ri-

112 1275 185 1308 tus
210 1259 327 1306 suos.
360 1258 533 1308 Divisae
552 1261 703 1325 itaque
724 1260 1005 1308 Macedoniae
1031 1259 1224 1321 partium
1250 1260 1404 1309 usibus

110 1332 347 1396 separatis,
369 1345 537 1396 quanta
556 1333 794 1382 universos
812 1345 961 1381 teneat
981 1333 1282 1392 Macedonas,
1302 1333 1402 1381 for-

111 1406 232 1453 mula
257 1405 403 1466 dieta,
438 1423 543 1455 cum
571 1405 688 1472 leges
717 1423 904 1473 quoque
932 1407 975 1456 se
1006 1407 1216 1456 daturum
1249 1406 1403 1456 osten-

104 1476 252 1526 disset.

192 1551 370 1599 XXXI.
404 1552 547 1600 AEtoli
580 1552 742 1602 deinde
779 1555 930 1605 citati:
963 1556 1011 1603 in
1053 1573 1141 1620 qua
1171 1555 1403 1619 cognitio-²

111 1639 169 1673 ‘ne
200 1622 493 1688 magi3,'utra
527 1644 628 1690 pars
665 1629 914 1687 Romanis,
944 1642 1041 1677 utra
1074 1630 1167 1694 regi
1201 1629 1403 1688 faviffet,

109 1697 344 1760 quaefitum
362 1698 449 1757 est,
471 1716 606 1763 quam
633 1701 722 1747 utri
742 1700 944 1749 fecissent
965 1702 1172 1764 injuriam
1188 1740 1202 1760 ,
1224 1716 1302 1750 ant
1324 1720 1404 1750 ac·

109 1771 339 1834 cepissent.
374 1774 511 1820 Noxa
529 1774 706 1822 liberati
726 1776 1057 1824 interfeclores:
1079 1777 1282 1824 exsilium
1303 1776 1405 1839 pul-

109 1844 165 1892 sis
190 1862 315 1907 aeque
339 1858 483 1892 ratum
506 1845 615 1906 fuit,
636 1865 688 1894 ac
717 1866 842 1897 mors
864 1849 1121 1897 interfectis.
1153 1852 1206 1897 A.
1228 1849 1405 1897 Baebius

109 1933 228 1964 unus
266 1917 327 1963 est
358 1918 589 1965 damnatus
610 1955 623 1977 ‚
661 1921 788 1984 quod
819 1922 985 1969 milites
1019 1923 1257 1968 Romanos
1287 1938 1404 1983 prae-

111 1989 273 2037 buiffet
301 1991 356 2037 ad
385 1991 678 2038 ministerium
708 1995 856 2042 caedis.
894 1996 980 2042 Hic
1012 2008 1203 2042 eventus
1221 1995 1406 2042 AEtolo-

110 2080 215 2110 rum
243 2063 382 2110 causae
411 2054 459 2110 iri
488 2065 701 2113 omnibus
731 2068 925 2114 Graeciae
959 2069 1166 2132 gentibus
1195 2066 1404 2131 populif-

112 2151 201 2198 que
225 2152 383 2183 eorum
399 2172 413 2196 ‚
433 2137 512 2201 qui
543 2139 680 2200 partis
699 2141 1015 2189 Romanorum
1037 2142 1242 2199 fuerant,
1274 2141 1407 2187 infla-

110 2208 183 2255 vit
224 2209 281 2255 ad
318 2208 650 2257 intolerabilem
692 2212 944 2275 superbiam
977 2216 1191 2270 animos3
1234 2216 1283 2261 &
1318 2214 1405 2259 ob-

111 2281 282 2329 noxios
312 2283 500 2345 pedibus
533 2300 693 2332 eorum
717 2285 933 2349 subjecit,
963 2305 1078 2353 quos
1107 2288 1255 2351 aliqua
1280 2300 1404 2349 parte

112 2354 306 2418 suspicio
336 2355 508 2403 favoris
540 2357 586 2403 in
616 2375 766 2422 regem
796 2361 1062 2425 contigerat.
1093 2361 1201 2406 Tria
1239 2376 1401 2422 genera

113 2427 369 2494 principum
391 2429 437 2475 in
461 2430 717 2478 civitatibus
750 2447 902 2480 erant:
925 2435 1060 2490 duo,
1089 2451 1190 2496 quae
1213 2433 1401 2478 adulan-

110 2501 173 2548 do
203 2513 281 2548 aut
308 2501 630 2556 Romanorum
656 2503 895 2567 imperium
915 2541 928 2564 ‚
957 2517 1029 2552 aut
1062 2504 1306 2552 amicitiam
1330 2520 1400 2551 re-

1048 2578 1144 2641 03
