1673 3052
206 204 352 253 “1N
396 203 1131 251 LOC.LIB.L111L1V.
1265 219 1363 267 447

78 309 204 350 castris
221 310 422 351 militabat.
442 310 510 351 Per
529 308 634 349 hunc
651 310 819 349 maxime
836 317 979 349 retenta
997 309 1234 349 munimenta
1249 309 1359 351 sunt:

82 374 119 412 &
142 385 221 413 nox
245 372 515 424 superveniens
540 372 695 411 diremit
719 382 924 412 certamen.

149 434 321 475 XXVII.
347 434 484 484 Neque
514 444 643 472 tamen
668 435 796 484 postea
823 433 1019 473 Viriathus
1047 434 1212 482 destitit,
1243 435 1364 474 modo

76 499 224 544 nostu,
249 496 368 550 modo
395 495 645 535 fervidiffimo
672 505 847 547 tempore
881 498 972 557 diei5
992 493 1191 547 nego-„ium
1216 497 1364 538 consuli

75 557 275 606 facessere}
297 569 384 597 cum
398 587 410 604 ,
428 556 530 596 leves
556 556 746 608 agilesqu‘e
764 560 798 598 ὁὶ
811 558 991 597 homines
1008 561 1043 597 Sc
1066 571 1182 608 equos
1196 558 1340 598 habens
1352 590 1366 609 ,

75 632 194 670 parvo
209 618 275 658 suo
289 620 542 659 incommodo
565 619 710 658 hostem
729 620 982 659 indesinenter
999 620 1197 670 fatigaret:
1223 621 1365 670 donec,

76 681 196 720 motis
218 679 615 729 castris,Servilianus
643 680 827 720 concessit
854 681 1016 721 Irucam.
1044 683 1145 722 Tum
1172 680 1366 721 Viriathus

77 755 255 793 quoque,
285 742 349 781 cui
379 742 504 780 minor
526 742 738 791 exercitus,
767 756 893 794 neque
919 742 1009 781 huie
1037 742 1225 782 sufficiens
1252 755 1368 781 com-

74 800 228 845 meatus
249 814 354 853 erat,
373 806 492 844 noctu
519 805 680 843 incensis
703 805 827 844 castris
842 835 853 853 ,
880 805 921 843 in
936 805 1171 845 'Lusitaniam
1193 805 1244 844 est
1270 818 1366 856 pro-

75 865 212 906 fectus.
247 865 497 913 Servilianus,
521 877 611 914 cum
637 865 916 905 velocissimum
941 865 1087 905 hostem
1117 865 1257 916 alsequi
1292 879 1364 905 ne-

78 929 290 980 quidquam
327 929 606 978 contendisset,
646 931 685 969 in
721 930 924 970 Baeturiam
958 930 1201 980 impressione
1237 931 1364 980 facia,

77 993 248 1044 quinque
277 992 446 1042 oppida,
472 1005 555 1042 quae
584 1004 674 1031 cum
695 992 867 1032 Viriatho
896 992 1084 1032 senserant
1101 1025 1113 1042 ,
1142 994 1275 1033 ordine
1299 1006 1365 1033 ex-

74 1064 245 1105 pugnata
267 1053 441 1103 diripuit:
465 1054 557 1092 inde
582 1055 623 1093 in
651 1054 805 1094 Cuneos
830 1054 1042 1107 hiematum
1072 1056 1178 1095 abiit.

130 1110 316 1164 XXVIII.
347 1123 493 1164 Eodem
521 1138 622 1164 anno
648 1125 822 1165 censores
847 1128 887 1165 in
912 1127 1007 1166 urbe
1031 1128 1187 1167 fuerunt
1212 1128 1248 1167 P.
1277 1127 1367 1167 Cor-

76 1183 202 1224 nelius
235 1185 363 1235 Scipio
389 1185 616 1234 Africanus,
650 1187 690 1226 L.
717 1187 933 1227 Mummius
963 1189 1162 1229 Achaicus.
1200 1189 1244 1229 In
1267 1202 1368 1228 eun-

79 1248 169 1286 dem
196 1258 285 1285 curn
316 1246 494 1296 Scipione
514 1247 645 1287 locum
670 1250 739 1298 Ap.
764 1248 945 1289 Claudius
978 1251 1160 1301 petierat:
1188 1251 1249 1300 qui
1275 1263 1366 1291 cum

77 1306 320 1347 nobiliffimis
351 1307 440 1346 viris
467 1307 648 1358 stipatus,
675 1310 919 1358 Africanum,
954 1312 1130 1362 populari
1158 1312 1269 1351 turba
1295 1314 1393 1358 cir„

77 1368 296 1408 cumfusum
312 1398 326 1415 ‚
345 1369 386 1408 in
412 1369 542 1408 forum
571 1370 802 1410 descendere
825 1374 971 1412 vidisset
987 1405 997 1422 ,
1026 1374 1101 1413 alta
1123 1387 1217 1413 voce
1241 1375 1366 1414 exclan

79 1433 222 1477 mavit,
245 1432 425 1486 ingemisce
447 1435 544 1485 apud
556 1449 696 1484 manes,
714 1437 845 1475 Paulle
861 1439 994 1475 AEmili
1008 1469 1019 1486 ‚
1037 1439 1157 1489 filium
1177 1452 1271 1476 tuum
1286 1439 1366 1490 sem
1402 1442 1405 1444 ’

74 1494 166 1532 tiens
187 1494 232 1532 ab
253 1494 409 1532 AEmilio
433 1509 605 1547 praecone,
634 1498 668 1536 G·
694 1498 833 1536 Licins‘o
860 1499 1047 1538 Philonico
1070 1500 1254 1551 censorium
1284 1514 1367 1537 catz-

75 1554 235 1593 didatum
253 1555 388 1594 deduci.
419 1555 599 1595 Ceterum
618 1556 697 1603 ille,
710 1558 907 1598 censuram
930 1561 1165 1611 populariter
1185 1562 1366 1611 adeptus,

77 1627 161 1653 non
188 1615 275 1654 ideo
302 1616 432 1656 minus
459 1619 680 1669 incorrupte
704 1634 749 1661 ac
776 1621 900 1661 severe
930 1623 1032 1673 egit3
1069 1623 1166 1660 illud
1197 1622 1366 1662 moribus

77 1678 269 1727 civitatis,
297 1679 374 1719 hoc
401 1680 473 1721 suae
498 1684 810 1735 magistratusque
843 1686 1020 1736 dignitati
1047 1685 1228 1724 tribuens.
1268 1686 1366 1736 Ergo

79 1742 118 1781 &
141 1740 332 1792 populum
365 1744 414 1783 ad
444 1758 569 1785 mores
593 1749 772 1798 antiquos
805 1748 1018 1799 gravissima
1043 1750 1214 1788 oratione
1240 1749 1368 1789 horta-

76 1809 139 1841 tus
170 1803 252 1842 est:
285 1805 321 1843 &
352 1804 392 1845 L.
421 1806 606 1847 Mummii
636 1810 862 1849 facilitatem
895 1820 1072 1861 gravatus
1091 1842 1102 1860 ,
1138 1825 1208 1862 pro
1244 1811 1368 1850 rostris

82 1864 206 1914 dixit,
229 1868 344 1906 omnia
360 1870 400 1922 se
421 1885 465 1907 ex
491 1871 663 1924 majestate
684 1875 810 1927 populi
835 1877 986 1913 Romani
1009 1875 1315 1928 gestu1·umfitffl‚
1332 1877 1371 1928 fi

71 1928 143 1980 fibi
165 1931 260 1967 cives
283 1931 342 1968 vel
359 1932 524 1983 dedffnt
545 1935 709 1985 collegam
723 1967 734 1982 ‚
758 1936 817 1974 vel
838 1952 907 1975 nen
932 1938 1105 1990 dedff’nt.

147 1989 305 2032 XXIX.
342 1991 499 2032 Interim
537 1997 578 2034 in
611 1996 843 2038 Macedonia
879 2000 1006 2038 denuo
1036 1998 1259 2048 turbatum,
1288 2013 1368 2039 non

78 2051 208 2090 minus
233 2054 442 2104 improviso
471 2055 546 2096 fine
571 2067 747 2098 motuum
768 2091 779 2106 ,
807 2074 924 2110 quam
953 2062 1110 2101 initium
1140 2062 1274 2102 fuerat.
1303 2062 1367 2102 Al-

78 2122 138 2153 ter
161 2113 508 2169 Pseudophilippus
525 2151 536 2167 ,
562 2122 628 2170 qui
657 2121 776 2160 Persei
801 2122 837 2161 se
855 2123 976 2162 filium
998 2124 1167 2170 ferebat,
1194 2136 1280 2163 cum
1306 2124 1363 2163 su-

78 2175 162 2217 bito
178 2179 416 2221 incremento
435 2196 482 2223 ex
510 2183 621 2222 servis
647 2184 806 2236 aliisque
831 2187 989 2237 perditis
1011 2187 1257 2235 hominibus,
1274 2200 1367 2237 qua-

83 2235 140 2276 les
169 2251 299 2279 recens
325 2242 569 2284 Macedoniae
593 2246 825 2297 Graeciaeque
851 2248 906 2287 rei
937 2250 1098 2288 mutatio
1126 2263 1265 2300 magno
1299 2263 1365 2288 nu-

152 2368 174 2410 ξ
197 2369 320 2403 YXVI.
345 2371 411 2406 Jul.
443 2372 567 2419 Obseq.
593 2375 736 2416 Appiam.
766 2376 837 2409 Cic.
863 2377 897 2409 in
923 2377 1003 2411 Laei.
1030 2389 1058 2410 c.
1086 2389 1115 2410 r.
1156 2379 1176 2419 §
1206 2378 1362 2411 xxviii.

82 2411 166 2447 Tab.
193 2412 341 2458 Capitol.
364 2416 534 2451 Plutarch.
553 2421 586 2452 in
607 2420 719 2452 AE.nil.
743 2433 771 2452 c.
793 2422 846 2459 64.
872 2422 969 2454 Idem.
992 2424 1024 2455 in
1050 2432 1208 2463 praecept.
1231 2426 1367 2461 enervi.

84 2457 285 2548 ἳῗῗιιόὶῦίἒς
313 2471 365 2503 30.
384 2462 492 2506 Agell.
515 2477 537 2505 4
553 2490 563 2505 ,
590 2476 644 2499 20.
668 2465 861 2501 vauMax.
890 2466 932 2508 6,
954 2479 987 2507 4.
1011 2468 1138 2500 Αυξὶοτ
1158 2469 1198 2502 de
1220 2470 1293 2504 Vir.
1317 2471 1369 2503 iu.
