1673 3052
300 182 839 232 fflsToniARUM
873 180 995 230 Lm.
1028 182 1192 232 Xuv,
1278 198 1362 247 153

83 310 193 342 ‘eum
225 291 480 357 ingentibus
513 289 649 337 minis
682 289 922 339 adventare
960 287 1204 346 audiebat,
1240 286 1367 335 fimul

87 365 272 414 ouavii
293 364 515 429 praetoris.
551 365 648 411 Nec
677 363 825 410 minus
853 362 1039 410 terroris
1064 380 1089 411 a
1121 362 1248 410 claffe
1268 363 1368 408 Ro-

87 450 212 486 mana
241 440 291 486 &
310 437 512 501 periculo
531 437 764 484 maritimae
791 453 885 483 orae
904 436 1109 483 habebat.
1131 435 1366 482 Thess‘alo-

86 513 200 558 nicae
217 501 438 558 Eumenes
458 511 508 557 &
528 509 836 572 Athenagoras
855 522 1073 572 praeerant
1097 525 1201 556 cum
1221 523 1366 570 parvo

84 584 292 648 praefidio
324 584 518 630 duorum
545 582 735 629 millium
769 593 1055 628 cetratorum.
1094 583 1164 628 Eo
1195 582 1243 628 &
1269 582 1367 627 An-

79 656 289 703 droclem
308 654 562 719 praefectum
583 655 744 713 mittit,
775 653 934 716 juffum
960 653 1038 700 sub
1062 652 1166 716 ipbfis
1188 653 1368 701 navali-

84 730 169 777 bus
193 729 330 776 castra
361 729 537 776 habere.
569 728 747 775 AEniam
782 727 904 774 mille
933 726 1110 792 equites
1136 744 1241 774 cum
1268 729 1366 773 An-

84 803 250 866 tigono
283 802 400 849 misit
439 802 495 849 ad
527 803 759 849 tutandam
796 800 1062 848 maritimam
1095 816 1252 847 oram:
1286 811 1365 856 ut,

85 890 362 937 quocunque
381 873 515 919 litore
544 872 801 936 applicuisse
831 887 969 919 naves
998 871 1193 918 hostium
1220 871 1366 917 audis-

84 946 207 1002 sent,
237 944 466 1007 extemplo
496 943 664 991 ferrent
697 944 939 1009 agrestibus
965 961 1115 1006 opem.
1163 944 1366 1008 quinque

83 1019 226 1066 millia
261 1018 563 1066 Macedonum
596 1018 718 1065 miffa
751 1019 807 1065 ad
838 1019 1091 1082 praesidium
1125 1019 1279 1082 Pythii
1315 1020 1364 1066 &

83 1094 249 1151 Petrae,
284 1092 447 1156 quibus
478 1090 705 1154 praepofiti
730 1104 856 1138 erant
882 1092 1114 1149 Histiaeus,
1143 1092 1366 1139 &Theo-

81 1183 244 1231 ἔθυες,
273 1167 322 1213 &
343 1165 474 1212 Milo.
508 1164 588 1211 His
613 1163 852 1227 profestis,
889 1166 1030 1228 ripam
1059 1167 1234 1212 munire
1254 1165 1362 1211 Eni*

81 1241 155 1303 pei
184 1239 379 1286 fluminis
406 1238 622 1304 aggrefl‘us
643 1238 728 1297 est,
756 1240 860 1303 quia
892 1241 1010 1288 {icco
1033 1242 1166 1289 alveo
1188 1241 1361 1289 transiri

79 1327 274 1379 poterat.
303 1314 422 1361 Huic
448 1326 500 1360 ut
529 1313 678 1361 omnis
707 1314 947 1363 multitudo
979 1328 1194 1372 vacaret,
1230 1314 1363 1361 femi-

83 1407 153 1436 nae
172 1425 186 1448 ‚
211 1406 266 1436 ex
293 1388 559 1452 propinquis
589 1389 776 1436 urbibus
801 1391 996 1447 coaciae,
1033 1390 1196 1437 cibaria
1214 1390 1260 1435 in
1285 1407 1361 1438 ca-

83 1462 167 1510 stra
185 1461 449 1510 afferebant:
475 1460 600 1509 miles
617 1459 752 1525 jussus
771 1478 825 1509 ex
845 1462 1116 1527 propinquis
1134 1462 1257 1512 filvis

692 1576 718 1600 ἅ

565 1612 593 1637 ἱ
819 1613 847 1636 {⁵

146 1677 351 1726 XXXIII
369 1680 395 1704 ⁴*
410 1679 434 1704 ⁴*
450 1680 493 1727 *.
525 1680 753 1743 postremo
774 1679 897 1743 sequi
917 1678 959 1726 se
978 1678 1174 1727 utrarios
1195 1679 1250 1726 ad
1268 1696 1362 1727 ma·

80 1766 128 1797 re
144 1785 159 1808 ‚
189 1752 314 1814 quod
335 1751 482 1799 minus
509 1764 736 1800 trecentos
758 1753 900 1816 paffus
932 1754 1107 1811 aberat,
1138 1751 1254 1814 juflit
1273 1788 1286 1810 ‚
1307 1755 1357 1799 δε

80 1824 127 1870 in
145 1823 278 1871 litore
297 1824 408 1872 alios
429 1826 535 1872 alibi
554 1825 746 1872 modicis
763 1825 1010 1872 intervallis
1032 1825 1200 1872 fodere.
1225 1840 1360 1870 mon-

79 1905 146 1942 tes
175 1887 642 1959 ingentis'altitudinis
671 1897 791 1959 spem
831 1896 1085 1955 faciebant,
1123 1912 1179 1942 eo
1219 1896 1358 1960 magis

78 1967 184 2030 quia
206 1968 356 2015 nullos
374 1981 554 2032 apertos
570 1982 835 2034 evergetem
853 1970 1002 2028 rivos,
1020 1968 1229 2016 occultos
1247 1985 1359 2016 con·

79 2040 222 2086 tinere
251 2041 428 2100 laticeS‚
468 2059 666 2107 quorum
697 2060 827 2090 venae
858 2042 904 2089 in
937 2060 1056 2089 mare
1091 2059 1359 2105 permanan-

80 2125 144 2162 tes
175 2116 307 2162 undae
346 2117 648 2167 miscerentur.
686 2118 773 2165 Vix
810 2118 993 2165 deduEla
1025 2117 1192 2164 summa
1228 2134 1360 2164 arena

80 2200 205 2247 erat,
247 2206 347 2237 cum
385 2191 672 2256 scaturigines
709 2192 899 2238 turbidae
935 2192 1082 2256 primo
1119 2195 1167 2240 ὅ(
1199 2205 1358 2239 tenues

79 2260 269 2307 emicare
284 2298 297 2320 ,
315 2262 418 2308 dein
441 2264 656 2328 liquidam
675 2265 947 2327 multamque
967 2264 1151 2311 fundere
1169 2281 1328 2328 aquam
1343 2299 1358 2322 ‚

79 2333 206 2380 velut
225 2334 379 2381 Defim
400 2335 553 2394 dono,
575 2348 827 2398 coeperunt.
862 2335 1154 2399 Aliquantum
1175 2353 1225 2382 ea
1243 2351 1358 2398 quo-

78 2409 265 2466 queres
286 2406 388 2454 duci
414 2406 542 2454 famae
569 2410 618 2456 δι
646 2409 922 2455 auctoritatis
953 2410 1070 2472 apud
1093 2409 1255 2455 milites
1277 2408 1357 2453 ad-

76 2474 193 2538 jecit.
232 2476 356 2525 Juffis
387 2477 546 2527 deinde
579 2479 798 2529 militibus
834 2482 1045 2545 expedire
1077 2498 1229 2542 arma,
1268 2480 1357 2544 ipse
