1673 3052
243 214 364 256 ,ιη
638 193 1203 243 T1T1L1V11

271 299 461 358 deinde,
493 317 617 360 neque
643 298 896 344 connubium
914 331 932 355 ,
960 315 1088 359 neque
1116 299 1401 344 commercium
1435 314 1564 359 agro-

271 392 362 423 rum
393 374 733 433 aedificiorumque
759 373 867 416 inter
882 370 934 431 fi
958 375 1119 431 placere
1150 372 1345 431 cuiquam
1374 385 1493 416 extra
1501 372 1566 429 fi·
1603 419 1609 425 ,

270 467 344 496 nes
377 448 554 510 regionis
574 445 665 506 suae
696 443 785 508 effe.
825 447 1003 490 Metalla
1035 462 1191 506 quoque
1217 446 1313 490 auri
1343 459 1463 504 atque
1494 463 1564 489 ar-

270 522 386 585 genti
424 537 510 565 noa
553 520 723 564 exerceri
744 536 761 563 .·
788 515 896 576 ferri
936 513 979 562 δ’
1009 518 1098 562 aeris
1130 518 1328 577 permitti.
1369 513 1567 578 vectigal

270 590 586 641 exercentibus
616 589 856 636 dimidium
884 588 977 651 ejus
1004 587 1294 652 impolitum,
1323 587 1450 653 quod
1482 603 1567 649 pe-

270 663 522 732 pendissent
551 662 658 727 regi.
694 665 747 710 Et
777 662 863 709 sale
891 661 1076 709 invecto
1096 660 1164 707 uti
1188 660 1349 708 vetuit.
1384 660 1567 708 Darda·-

267 738 339 785 nis
360 735 666 799 repetentibus
689 732 916 781 Paeoniam
932 768 947 790 ‚
973 732 1101 796 quod
1132 733 1182 780 &
1206 731 1283 780 sua
1308 731 1455 779 fuiss'et
1471 767 1485 791 ,
1512 733 1565 779 &

269 810 516 859 continens
542 808 647 854 effet
670 806 834 854 finibus
862 804 947 853 suis
963 839 977 861 ,
999 809 1193 852 omnibus
1211 810 1309 853 dare
1336 809 1562 854 libertatem

269 880 618 949 pronuntiavit,
645 884 716 942 qui
719 881 806 941 suh
825 897 948 941 regno
969 881 1106 940 Persei
1118 877 1312 943 fitifflnt.
1342 878 1446 926 Post
1465 896 1564 926 non

268 957 555 1020 impetratam
574 954 825 1010 Paeoniam,
845 951 943 1000 salis
965 952 1292 1000 commercium
1312 952 1455 999 dedit:
1475 965 1566 1000 ter-

265 1030 345 1078 tiae
382 1027 558 1092 regioni
598 1026 875 1090 imperavit,
910 1037 959 1073 ut
994 1026 1164 1074 Stobos
1194 1027 1392 1073 Paeoniae
1428 1027 1567 1075 deve-

269 1103 464 1159 herent,
499 1099 785 1164 pretiumque
807 1098 971 1147 statuit.
1009 1097 1230 1146 Navalem
1260 1099 1491 1147 materiam
1514 1101 1567 1148 δε

268 1173 394 1237 ipsos
415 1172 609 1229 caedere,
631 1174 679 1220 δι
698 1171 811 1220 alios
830 1169 922 1235 pati
944 1169 1100 1218 vetuit.
1129 1170 1413 1235 Regionibus
1427 1207 1440 1230 ,
1459 1189 1565 1236 quae

270 1247 426 1294 affines
442 1243 636 1292 barbaris
653 1243 815 1303 effent,
833 1242 1046 1308 (excepta
1063 1256 1210 1290 autem
1232 1244 1363 1292 tertia
1374 1281 1388 1303 ,
1404 1261 1566 1293 omnes

267 1316 429 1382 erant)
457 1315 682 1380 permisit,
712 1327 764 1364 ut
795 1316 996 1380 praesidia
1026 1330 1194 1366 armata
1217 1318 1267 1366 in
1295 1317 1461 1368 finibus
1481 1336 1565 1367 ex-

270 1391 425 1441 tremis
444 1391 673 1439 haberent.

336 1467 493 1514 XXX.
525 1467 661 1524 Haec,
690 1466 982 1529 pronuntiata
1012 1466 1164 1530 primo
1184 1467 1256 1516 die
1277 1480 1566 1529 conventus,‘

269 1538 396 1588 varie
416 1538 664 1586 affecerunt
691 1539 882 1587 animos,
909 1540 1111 1588 Libertas
1135 1553 1298 1604 praeter
1321 1541 1441 1604 spem
1464 1542 1564 1589 data

271 1611 471 1669 arrexit,
504 1610 775 1658 &levatum
801 1627 1001 1658 annuum
1038 1612 1242 1676 vectigal.
1273 1613 1564 1677 Regionatim

269 1685 559 1733 commerciis
603 1684 864 1748 interruptis
905 1686 966 1732 ita
1003 1685 1149 1732 videri
1192 1686 1381 1733 lacerata
1401 1722 1415 1745 ‚
1460 1703 1563 1734 tan-

271 1775 410 1823 quam
452 1758 663 1805 animalia
701 1759 748 1804 in
792 1772 913 1806 artus
931 1795 943 1817 ,
987 1759 1177 1807 alterum
1220 1760 1401 1806 alterius
1443 1759 1567 1812 indi-j

271 1846 454 1898 gentes,
487 1833 717 1879 distrafila:
754 1833 897 1891 adeo,
932 1849 1097 1896 quanta
1128 1833 1397 1880 Macedonia
1428 1834 1563 1893 effer,

271 1925 406 1972 quam
428 1906 594 1953 divisui
616 1905 757 1953 facilis
772 1943 785 1964 ‚
815 1908 865 1953 &
890 1923 914 1953 a
935 1906 978 1953 se
1005 1906 1096 1968 ipsa
1118 1924 1308 1972 quaeque
1330 1919 1562 1955 contemta

270 1997 373 2045 pars
394 1981 522 2036 esset,
545 1980 817 2026 Macedones
835 1996 1020 2042 quoque
1040 1980 1321 2043 ignorabant.
1355 1981 1456 2026 Pars
1478 1982 1564 2041 pri-

271 2071 345 2101 ma
371 2053 553 2099 Bisaltas
585 2053 745 2110 habet,
780 2052 1041 2100 fortissimos
1069 2053 1224 2110 viros,
1263 2052 1419 2117 (trans
1451 2053 1563 2100 Nes-

272 2126 368 2173 sum
388 2142 563 2172 amnem
588 2125 797 2172 incolunt
817 2127 867 2172 δέ
887 2126 1003 2172 circa
1026 2124 1354 2188 Strymonem)
1375 2126 1426 2172 δε
1445 2125 1562 2173 mul-

273 2212 340 2248 tas
365 2200 542 2263 frugum
567 2199 862 2261 proprietates
878 2235 891 2257 ‚
914 2202 961 2246 &
982 2199 1184 2257 metalla,
1213 2202 1261 2247 &
1285 2199 1563 2263 opportuni-

275 2285 410 2319 tatem
439 2271 749 2334 Amphipolis:
784 2287 883 2333 quae
916 2271 1087 2332 objecta
1123 2271 1289 2319 claudit
1317 2288 1474 2318 omnes
1506 2272 1562 2319 ab

275 2345 450 2391 oriente
479 2344 571 2389 sole
601 2343 648 2389 in
681 2345 998 2391 Macedoniam
1032 2344 1190 2394 aditus,
1225 2334 1429 2392 Secunda
1461 2361 1563 2407 pars

273 2416 585 2462 celeberrimas
606 2417 735 2462 urbes
753 2452 767 2473 ,
789 2417 1141 2465 Theffalonicen
1163 2420 1212 2466 &
1229 2418 1560 2476 Cassandriam,

274 2490 436 2548 habet3
458 2492 512 2540 ad
533 2492 623 2542 hoc
642 2492 882 2550 Pallenen,
904 2490 1094 2540 fertilem
1120 2509 1171 2542 ac
1192 2491 1453 2556 frugiferam
1472 2504 1559 2539 ter-
