1673 3052
284 187 825 236 HtsTORIARUM
862 188 982 236 ΗΒ.
1016 187 1182 237 XLIV.
1272 198 1364 254 159‘

73 294 224 343 mult'o
245 294 432 357 pulvere
459 295 510 342 &
533 293 831 342 incalescente
850 293 944 341 sole
964 294 1124 343 factum
1145 307 1253 342 erat.
1281 295 1364 343 las-

74 368 224 415 fitudo
248 369 298 416 &
318 368 406 414 fitis
424 366 514 429 jam
533 367 832 426 sentiebatur,
851 370 922 426 δε,
941 369 1127 415 meridie
1146 368 1363 427 instante,

74 439 217 502 magis
251 439 526 486 accessurum
553 451 794 502 utrumque
822 440 1072 502 apparebat.
1109 440 1268 488 Statuit
1301 440 1363 489 fic

75 509 261 557 affectos
289 511 461 557 recenti
497 523 631 574 atque
663 512 840 574 integro
870 511 989 558 hosti
1020 529 1116 559 non
1149 512 1364 575 objicere.

74 582 164 628 sed
180 594 328 630 tantus
345 583 484 629 ardor
508 583 555 630 in
575 583 736 630 animis
754 583 808 629 ad
828 582 1133 632 dimicandum
1153 584 1367 648 utrinque

70 667 198 714 erat,
217 668 267 703 ut
286 656 461 705 consuli
478 674 575 704 non
594 657 770 703 minore
793 673 884 703 arte
904 656 958 704 ad
977 656 1078 704 suos
1096 658 1364 717 eludendos,

74 745 208 791 quam
234 729 289 776 ad
319 730 499 789 hostes,
519 746 635 793 opus
659 729 776 776 effet.
810 729 1032 776 Nondum
1054 731 1266 776 omnibus
1291 730 1365 776 in-

77 800 277 860 struffis,
311 801 502 849 instabat
535 801 726 849 tribunis
760 800 981 860 militum,
1015 813 1064 848 ut
1090 814 1365 850 maturarent

77 873 296 921 instruere
315 874 606 922 :circumibat
627 874 719 938 ipse
745 873 955 932 ordines,
976 876 1152 922 animos
1168 876 1365 925 militum

77 947 304 994 hortando
327 947 374 993 in
402 964 597 1011 pugnam
617 948 900 994 accendebat.
932 948 997 994 lbi
1024 949 1173 1012 primo
1201 949 1367 996 alacres

79 1020 255 1083 iignum
301 1018 560 1082 poscebant.
606 1018 768 1066 deinde
783 1056 800 1077 ‚
835 1032 1050 1082 quantum
1097 1020 1365 1067 incresceret

78 1091 208 1139 aestus
221 1128 237 1150 ,
256 1093 306 1139 &
324 1093 480 1139 vultus
499 1091 648 1138 minus
675 1092 878 1155 vigentes
895 1094 946 1139 δε
974 1108 1117 1139 voces
1139 1092 1368 1156 segniores

78 1177 231 1224 erant,
263 1166 314 1212 &
334 1166 517 1229 quidam
539 1165 851 1229 incumbentes
879 1165 1040 1222 scutis,
1059 1166 1231 1228 nisique
1262 1165 1368 1228 pilis

51 1238 53 1241 ’
79 1237 266 1285 stabant.
300 1239 419 1285 Tum
439 1237 529 1299 jam
544 1252 696 1300 aperte
713 1237 869 1300 primis
887 1237 1124 1285 ordinibus
1149 1238 1366 1300 imperat,

78 1324 351 1359 metarentur
395 1312 595 1358 frontem
644 1312 888 1359 castrorum
904 1348 918 1370 ,
957 1314 1006 1360 &
1047 1312 1368 1375 impedimenta

79 1385 418 1433 constituerent.
452 1385 597 1445 Quod
632 1385 710 1430 ubi
741 1384 837 1431 fieri
869 1385 1031 1432 milites
1059 1385 1256 1443 sensere,
1291 1385 1368 1433 alii

78 1459 274 1523 gaudere
304 1459 445 1521 palam
459 1494 474 1517 ,
496 1458 621 1522 quod
641 1457 773 1505 fessos
793 1458 883 1507 viae
905 1459 1060 1506 labore
1086 1459 1370 1523 flagrantissi-

79 1548 160 1579 mo
187 1530 294 1578 aestu
325 1547 421 1578 non
450 1532 663 1595 coegisset
689 1549 902 1595 pugnare.
928 1533 1058 1596 legati
1078 1534 1198 1580 circa
1224 1534 1370 1596 impe-

81 1615 278 1652 ratorem
297 1604 518 1668 ducesque
539 1604 713 1650 externi
730 1617 881 1664 erant,
900 1606 1014 1651 inter
1034 1623 1149 1668 quos
1168 1608 1219 1654 &
1237 1608 1370 1653 Atta-

79 1678 178 1737 lus,
207 1694 372 1725 omnes
389 1678 719 1742 approbantes,
740 1694 1170 1742 cum-pugnaturum
1201 1680 1369 1727 consu-

79 1750 170 1797 lem
202 1750 472 1799 credebant:
501 1767 649 1815 neque
687 1751 806 1798 enim
841 1769 896 1798 ne
925 1752 996 1799 his
1034 1753 1368 1800 cunciationem

82 1826 316 1886 aperuerat
341 1823 478 1870 suam.
505 1836 613 1870 tunc
630 1825 880 1871 mutatione
901 1824 1076 1871 consilii
1104 1824 1244 1871 subita
1265 1842 1368 1872 cum

81 1898 156 1944 alii
174 1898 350 1944 silerent
364 1934 379 1955 ‚
397 1897 555 1945 Nafica
580 1915 694 1946 unus
723 1915 779 1945 ex
798 1899 1009 1945 omnibus
1035 1899 1161 1945 ausus
1185 1899 1246 1945 est
1265 1915 1371 1944 mo·-

82 1987 190 2018 nere
218 1970 447 2018 consulem
462 2007 478 2028 ‚
500 1975 569 2018 Nc
588 1974 735 2040 hostem
762 1974 925 2033 quidem
948 1973 1189 2030 ludtficatos
1211 1974 1369 2032 priores

84 2048 370 2106 imperatores,
379 2044 588 2107 fugiendo
608 2062 805 2092 certamen
818 2081 831 2103 ‚
853 2047 1048 2091 manibus
1065 2047 1251 2090 emittere.
1283 2050 1370 2090 Ve-

20 2128 24 2131 ’
54 2154 57 2157 -
84 2121 188 2174 reri,
207 2136 257 2163 ne
277 2118 388 2163 noc‘le
412 2121 557 2175 abeat,
576 2120 812 2180 sequendus
828 2120 1017 2164 maximo
1039 2121 1174 2164 labore
1193 2137 1242 2163 ac
1255 2121 1371 2178 peri-

86 2195 177 2236 culo
193 2194 239 2235 itz
264 2192 416 2236 intima
448 2195 709 2237 Macedoniae
728 2211 749 2248 ;
770 2193 1067 2252 exercitusque,
1075 2192 1191 2254 ficut
1217 2194 1371 2251 priori-

84 2265 361 2323 busssducibus
376 2298 389 2320 ,
407 2282 481 2324 per
495 2267 615 2310 calles
633 2265 845 2326 saltusque
867 2266 1227 2309 Macedonicorum
1254 2281 1372 2308 mon-

85 2337 191 2380 tium
227 2340 422 2396 vagando
454 2339 773 2398 circumagatur.
803 2340 855 2382 Se
888 2355 1129 2398 magnopere
1160 2338 1338 2396 suadere
1359 2370 1374 2391 ,

86 2410 187 2452 dum
217 2410 262 2452 in
281 2427 424 2468 campo
443 2412 608 2468 patenti
630 2411 775 2473 lzostem
806 2411 976 2464 habeat,
996 2410 1280 2470 aggredit-uter,
1301 2425 1372 2451 nec

87 2483 271 2528 oblatam
309 2481 558 2547 occastouern
594 2485 787 2532 vincendi
817 2485 998 2528 amittat.
1032 2480 1235 2540 Consul,
1258 2479 1370 2528 nihil
