1673 3052
280 190 368 238 160
608 186 1192 234 ·T1·T1L1V11

275 295 470 345 offensus
486 295 627 342 libera
651 293 965 341 admonitione
985 305 1076 340 tam
1097 291 1207 340 clari
1237 289 1558 350 adolescentis,

273 375 335 417 Et
352 390 424 433 ego
440 406 453 427 ‚
472 405 486 427 ‚
502 368 679 432 inquit,
698 371 887 415 animum
914 369 1031 435 istum
1059 370 1186 413 habui
1199 401 1214 425 ‚
1240 366 1421 429 Nasica,
1441 384 1568 427 quem⁴

272 461 317 491 tu
334 463 444 490 nunc
463 445 585 489 habes
610 460 626 488 .·
654 441 697 489 ἐξ*
713 481 723 501 ,
743 461 856 504 quem
885 460 956 504 ego
985 460 1094 487 nunc
1126 443 1281 497 habeo,
1299 455 1346 487 ta
1377 441 1569 488 habebis.-

275 521 428 564 Multis
448 519 542 562 belli
562 516 721 580 castbus
749 517 901 570 didici,
922 516 1088 576 quando
1101 515 1404 575 pugnandum,
1425 530 1561 573 quan-

275 593 330 636 do
360 592 640 657 abstinendum
659 607 809 649 pugna
834 588 903 652 fit.
934 589 1035 632 Non
1067 604 1189 647 operae
1210 586 1273 650 sit
1294 585 1421 648 stanti
1450 603 1562 632 nunc

275 668 320 711 in
344 668 430 711 acie
447 668 582 710 docere
595 698 608 720 ,
626 665 773 724 quibus
799 664 847 707 de
866 660 998 725 causts
1018 662 1139 706 hodie
1157 657 1302 721 quieffi
1332 661 1478 704 melius
1481 657 1560 722 fit.

274 742 453 786 rationes
483 741 595 783 alias
630 737 824 797 reposcito
850 752 865 778 .·
902 752 1014 779 nunc
1038 735 1275 779 auc‘t'orieate
1302 735 1442 778 veteris
1473 734 1570 777 im·

270 815 476 875 peratoris
506 825 718 857 contentus
744 811 836 855 eris.
871 806 1109 853 Conticuit
1133 804 1418 861 adolescens;
1443 804 1561 851 haud

277 884 410 932 dubie
439 883 593 928 videre
619 880 765 943 aliqua
790 879 1107 943 impedimenta
1125 895 1286 943 pugnae
1302 875 1561 936 consuLem,

273 973 376 1020 quae
405 954 486 1001 fibi
520 970 615 999 non
645 963 925 1015 apparerent.

338 1028 575 1076 XXXVII.
597 1026 774 1073 Paullus
789 1061 804 1084 ‚
822 1024 1057 1089 postquam
1078 1034 1243 1082 metata
1261 1022 1402 1072 castra
1420 1021 1562 1084 impe-

277 1101 564 1163 dimentaque
600 1098 825 1147 collocata
861 1097 1209 1152 animadvertit,
1244 1114 1300 1144 ex
1335 1095 1562 1160 postrema

275 1173 369 1222 acie
404 1173 581 1220 triarios
618 1172 789 1235 primos
832 1170 1075 1237 subducit:
1107 1170 1269 1218 deinde
1302 1169 1563 1233 principes,

272 1247 489 1294 stantibus
511 1245 558 1292 in
583 1245 724 1308 prima
746 1243 840 1292 acie
869 1243 1070 1302 hastatis,
1100 1244 1131 1290 fi
1158 1244 1268 1308 quid
1292 1242 1569 1290 hostis1mo-;

277 1332 406 1368 veret
425 1339 435 1367 :
456 1319 685 1383 postremo
704 1318 893 1366 hastatos
909 1353 924 1376 ‚
945 1318 1000 1365 ab
1019 1318 1179 1364 dextro
1198 1317 1395 1380 primum
1414 1331 1562 1362 cornu

275 1393 550 1457 singulorum
582 1391 796 1455 paulatim
828 1390 1063 1453 lignorum
1091 1389 1254 1437 milites
1287 1387 1564 1446 subtrahens.

277 1468 343 1512 Ita
363 1464 531 1527 pedites
544 1496 558 1520 ,
581 1463 807 1528 equitibus
825 1480 927 1510 cum
949 1462 1041 1510 levi
1060 1474 1281 1509 armatura
1300 1471 1402 1508 ante
1419 1459 1563 1506 aciem

277 1538 396 1585 hosti
431 1536 684 1600 oppositis,
714 1535 805 1582 fine
845 1536 1041 1583 tumultu
1076 1535 1254 1582 abduffi
1280 1553 1290 1581 :
1314 1551 1396 1581 nec
1431 1545 1563 1590 ante,

277 1627 412 1674 quam
430 1610 574 1672 prima
592 1607 719 1655 frons
740 1607 848 1654 valli
869 1625 921 1654 ac
942 1607 1052 1654 foffa
1074 1607 1280 1670 perducta
1300 1605 1388 1663 est',
1404 1621 1462 1652 ex
1481 1603 1565 1650 sta-

279 1681 407 1730 tione
430 1681 601 1745 equites
629 1679 835 1729 revocati
854 1678 968 1726 sunt.
1001 1681 1098 1726 Rex
1116 1695 1329 1743 quoque,
1351 1694 1453 1724 cum
1472 1676 1564 1724 fine

278 1756 600 1804 detrectatione
631 1768 806 1818 paratus
834 1771 1033 1818 pugnare
1065 1771 1121 1801 eo
1153 1754 1224 1800 die
1255 1752 1428 1811 fuisset,
1447 1768 1564 1799 con-

279 1842 457 1888 tentus,
479 1829 603 1892 quod
622 1844 702 1891 per
734 1826 906 1873 hostem
940 1843 1111 1873 moram
1136 1825 1260 1873 fuiffe
1289 1841 1450 1888 pugnae
1477 1823 1564 1871 sci-

280 1915 406 1959 rent,
427 1905 475 1950 &
507 1902 597 1965 ipse
618 1902 664 1947 in
690 1901 826 1948 castra
858 1900 1012 1963 copias
1044 1899 1236 1947 reduxit.
1269 1897 1434 1945 Castris
1460 1913 1565 1960 per-

281 1977 496 2033 munitis,
528 1977 581 2024 C.
607 1975 827 2038 Sulpicius
847 1974 1006 2021 Gallus
1035 1974 1239 2020 tribunus
1269 1971 1464 2020 militum
1497 1970 1566 2017 se-

280 2051 441 2098 cundae
467 2049 681 2113 legionis,
703 2049 778 2111 qui
807 2061 974 2111 praetor
1003 2046 1229 2109 superiore
1251 2062 1373 2092 anno
1392 2044 1568 2103 fuerat,

280 2121 476 2170 consulis
514 2121 718 2184 permissu
751 2120 805 2165 ad
840 2118 1113 2166 concionem
1142 2117 1358 2164 militibus
1391 2116 1568 2164 vocatis

281 2193 601 2258 pronuntiavit
615 2229 631 2251 ,
651 2196 763 2239 ηοὲἶε
783 2196 982 2253 proxima
1002 2226 1015 2249 ‚
1034 2209 1082 2237 ne
1104 2193 1196 2251 quis
1220 2191 1269 2235 id
1287 2209 1364 2250 pro
1375 2204 1566 2250 portento

282 2272 501 2329 acciperet,
533 2269 585 2312 ab
615 2269 715 2312 lzora
740 2268 925 2326 secunda
959 2266 1078 2325 usique
1109 2266 1168 2308 ad
1199 2280 1388 2323 quartam
1421 2264 1566 2307 horam

282 2342 413 2389 noc‘lis
444 2345 586 2386 lunam
618 2339 859 2397 defeffltram
887 2335 969 2399 effe.
998 2340 1053 2381 ld
1065 2371 1079 2393 ‚
1098 2337 1195 2396 qula
1215 2326 1400 2380 naturali
1425 2337 1567 2379 ordine

270 2416 398 2482 statis
432 2416 678 2473 temporibus
702 2415 813 2470 fiat,
844 2409 887 2456 δ’
908 2412 1014 2470 sciri
1047 2426 1145 2455 ante
1178 2408 1219 2455 δ’
1248 2410 1419 2470 praedici
1436 2405 1566 2469 poffi.

284 2491 427 2548 Itaque
456 2487 820 2548 quemadmodum2,
841 2485 940 2545 quia
961 2487 1052 2530 certi
1059 2485 1171 2548 solis
1194 2485 1373 2543 lunaeque
1394 2479 1435 2528 δ’
1453 2497 1564 2527 orcus
