1673 3052
5 111 8 115 .
0 0 29 85 ff*

312 167 1212 216 HlsTORlARUML13.XLV.
1320 168 1403 230 183

107 279 307 342 ficundis
331 281 447 324 rebus
480 278 594 322 nilzil
610 278 655 322 in
685 293 925 336 quemquam
945 273 1118 334 superbe
1143 290 1192 317 ac
1220 273 1413 317 violenter

117 352 324 413 confidere
339 353 469 407 decet,
492 367 564 395 nec
573 347 766 409 praefinti
786 344 1122 403 crederefortunae
1135 362 1156 399 ;
1176 363 1287 399 cum,
1308 344 1412 403 quid

11 443 15 476 ’,
51 481 55 486 μ
118 423 401 484 veſjverfi‘rat,
423 425 619 468 incertum
625 420 702 485 fit.
719 422 767 464 Is
787 421 948 464 demum
970 420 1037 463 vir
1050 420 1152 475 erit,¹
1172 416 1294 472 cujus
1311 416 1410 460 cmi-

116 515 231 545 mum
255 515 327 543 nec
338 496 537 557 prospera
547 493 760 557 flatusuo
780 490 938 554 ffret,
958 508 1029 536 nec
1047 490 1219 550 adversa
1250 492 1306 534 in·
1320 491 1410 533 risz-

115 586 195 633 get.
229 566 437 615 Consilio
470 566 675 622 dimiffo,
709 561 864 611 tuendi
894 579 999 609 cura
1034 561 1150 625 regis
1190 562 1253 620 Q.
1286 559 1370 606 AEl
1362 575 1410 605 10

117 641 370 689 mandatustr
388 642 457 687 Eo
476 640 547 686 die
570 638 858 686 &invitatus
877 636 932 682 ad
953 651 1061 683 con
1047 634 1184 681 ulem
1203 632 1412 692 Perseus,

46 738 47 741 ¹
117 716 172 762 &
192 715 304 762 alius
331 715 481 762 omnis
510 714 552 761 ei
583 714 737 783 honos
757 711 932 759 habitus
960 710 1047 770 est,
1074 710 1151 774 qui
1179 707 1371 756 haberi
1361 726 1411 755 1n

119 787 198 834 tali
229 788 410 835 fortuna
431 799 622 849 pote-,rat

205 862 280 907 lX.
324 859 558 908 Exercitus
591 843 750 905 deinde
788 856 835 903 in
871 857 1057 903 hiberna
1097 852 1296 901 dimiffus
1333 851 1410 900 est.

121 933 363 981 maximam
390 944 562 995 partem
602 933 838 994 copiarum
867 930 1016 993 Ampl
1021 929 1132 991 ipol.
1138 946 1186 986 3,
1219 929 1410 991 reliquas

114 1005 396 1068 propinquae
424 1005 557 1052 urbes
582 1016 869 1066 acceperunt.
906 1004 993 1050 Hie
1022 1001 1122 1050 finis
1152 1002 1287 1060 belli,
1306 1018 1411 1048 cum

122 1070 469 1140 quadriennium
491 1076 764 1123 continuum
783 1075 996 1122 bellatum
1020 1076 1076 1121 esi
1081 1087 1151 1131 et,
1174 1074 1290 1121 inter
1311 1075 1411 1119 Ro-

123 1167 284 1198 manos
301 1168 353 1198 ac
376 1149 578 1197 Perseas
553 1150 665 1197 luit:
685 1150 893 1211 idemque
918 1147 1055 1195 finis
1045 1148 1190 1195 meliri
1219 1165 1298 1210 per
1318 1150 1412 1193 Eu-

84 1272 90 1274 .
123 1239 252 1285 ropae
278 1222 540 1286 plerumque
560 1237 693 1286 atque
714 1221 861 1269 Asiam
891 1237 1076 1267 ornnem
1100 1220 1240 1284 regni.
1271 1220 1412 1266 Vice-

124 1296 282 1342 fimum
318 1295 374 1342 ab
410 1295 623 1353 Carano,
659 1295 736 1358 qui
776 1294 950 1357 primus
987 1295 1226 1357 regnavi—t,
1259 1292 1413 1340 Persea

125 1369 433 1417 numerabant.
464 1369 671 1428 Perseus,
695 1371 762 1429 Q.
787 1369 980 1424 fulvio,
1007 1371 1063 1416 L..
1085 1368 1262 1415 Manlio
1296 1384 1412 1414 con·

124 1441 291 1489 sulibus
309 1477 323 1499 ‚
353 1458 543 1505 regnum
570 1440 771 1502 accepit:
796 1457 818 1486 a
843 1439 995 1489 senatu
1016 1457 1096 1487 rex
1125 1440 1186 1488 est
1212 1440 1413 1503 appella·

123 1526 222 1572 tus,
244 1517 306 1562 M.
325 1515 460 1563 Junio
477 1551 490 1573 ‚
512 1517 566 1561 A.
590 1513 764 1561 Manlio
788 1513 1076 1561 consulibus:
1097 1514 1305 1577 regnavit
1325 1530 1412 1559 un-

124 1588 272 1636 decim
298 1603 454 1635 annos.
479 1588 785 1640 Macedonum
815 1587 1001 1635 obscura
1029 1588 1270 1635 admodum
1295 1586 1413 1634 fama

123 1662 261 1726 usque
288 1662 343 1709 ad
373 1662 630 1726 Philippum
659 1665 881 1726 Amyntae
904 1661 1046 1711 filium
1082 1661 1197 1709 fuit:
1224 1661 1327 1708 inde
1359 1678 1412 1708 ac

125 1751 204 1798 per
225 1752 327 1782 eum
359 1735 555 1783 crescere
582 1752 683 1782 cum
711 1734 940 1798 coepisset,
969 1738 1164 1797 Europae
1193 1733 1234 1780 se
1262 1746 1413 1780 tamen

123 1805 288 1854 finibus
304 1807 531 1856 continuit
546 1843 560 1863 ,
572 1806 796 1854 Graeciam
816 1823 998 1853 omnem
1014 1808 1062 1854 ὃ(
1079 1818 1248 1869 partem
1261 1806 1411 1852 Thra-

125 1879 206 1926 ciae
224 1892 358 1944 atque
385 1880 560 1945 lllyrici
584 1880 805 1942 amplexa.
837 1878 1095 1942 Superfudit
1116 1879 1275 1926 deinde
1303 1878 1343 1926 se
1364 1878 1413 1926 in

126 1951 274 2000 Afiam
291 1971 302 1999 :
322 1954 373 2001 &
395 1952 612 2002 tredecim
630 1951 786 2010 annis,
807 1952 968 2014 quibus
986 1952 1235 1998 Alexander
1254 1968 1415 2014 regna-

127 2025 224 2083 vit,
250 2025 446 2088 primum
469 2026 650 2084 omnia,
671 2043 760 2088 qua
779 2025 1008 2072 Persarum
1031 2042 1173 2088 prope
1193 2024 1414 2072 immenso

127 2097 272 2159 spatio
297 2098 533 2162 imperium
565 2099 731 2157 fuerat,
763 2098 850 2145 suae
877 2099 1061 2145 ditionis
1093 2099 1212 2146 fecit.
1246 2099 1416 2145 Arabas

128 2168 238 2216 hinc
257 2171 541 2233 Indiamque,
560 2188 648 2235 qua
663 2187 876 2217 terrarum
895 2171 1076 2218 ultimus
1093 2170 1200 2219 finis
1210 2172 1416 2218 Rubrum

129 2255 249 2285 mare
281 2238 560 2302 ampleffitur
582 2276 596 2299 ,
630 2239 903 2304 peragravit.
955 2252 1051 2287 tum
1089 2240 1332 2288 maximum
1368 2241 1415 2286 in

129 2311 260 2358 terris
284 2313 590 2361 Macedonum
613 2331 799 2376 regnum
819 2330 1104 2376 nomenque3
1134 2315 1236 2360 inde
1266 2326 1419 2360 morte

130 2384 380 2434 Alexandri
413 2387 709 2434 distra&um
698 2405 745 2432 m
776 2388 917 2434 multa
947 2405 1110 2479 regna,
1146 2389 1250 2434 dum
1283 2387 1338 2433 ad
1371 2386 1414 2432 se

129 2456 320 2525 quisque
341 2474 451 2527 opes
482 2459 690 2524 rapiunt,
708 2459 950 2509 lacerantes
971 2460 1178 2508 viribus:
1198 2458 1420 2508 asummo

1050 2535 1163 2592 M4
1143 2562 1145 2564 ·
