1673 3052
241 216 336 269 250
401 201 503 250 JO.
540 194 1053 250 FREINSHEMII
1088 192 1443 243 SUPPLEM0'

239 311 395 351 senatus
421 319 582 360 regnum
612 302 834 345 ordinaturi.
875 301 1005 343 Facile
1034 300 1204 353 paffuros
1230 299 1308 340 hoc
1335 301 1449 352 Syros
1481 311 1538 340 re-

242 373 407 419 bantur,
435 383 523 421 rege
557 381 625 420 per
659 375 810 407 aetatem
840 363 1037 413 invalide,
1068 366 1104 404 &
1136 363 1327 404 tutoribus
1350 361 1436 402 satis
1469 361 1540 402 ha-

243 434 405 483 bituris,
429 432 455 471 fi
479 429 677 471 Demetrio
703 429 843 470 Romae
864 435 1035 476 retento,
1054 426 1122 477 ipsi
1145 426 1187 471 in
1211 424 1540 468 administratione

241 507 371 534 :rerum
397 492 711 543 relinquerentur.
732 490 870 540 Neque
882 487 1025 539 specics
1042 486 1190 527 honesti
1204 487 1362 528 confilio
1384 488 1534 528 aberat:

241 573 329 597 cura
347 557 438 611 socii
461 557 497 596 δ’
525 555 629 594 amici
649 553 746 607 regni
762 550 1071 604 praetendebatur
1086 581 1097 598 ,
1115 566 1156 589 ne
1175 550 1319 604 quietem
1342 550 1420 604 ejus
1448 564 1538 589 mors

243 621 335 674 regis
358 620 394 659 ὃν
417 633 462 657 ex
493 633 534 657 ea
558 617 702 656 timendi
726 615 896 655 tumultus
920 615 1121 653 turbarent.-
1145 614 1296 651 maxime
1318 627 1394 652 cum
1413 626 1541 665 procu-

243 682 411 720 rationem
433 680 528 734 regnt'
551 681 678 731 Lysias
704 677 904 730 invafiffet;
931 676 997 730 jus
1023 690 1068 715 ex
1098 675 1265 714 mandato
1287 674 1467 714 morientis
1489 688 1542 712 re-

241 744 302 797 gis
318 773 333 791 ,
360 757 435 782 cum
456 741 616 794 reliquiis
642 740 818 779 exercitus
844 739 979 777 rediens
1010 738 1204 790 Philippus
1225 737 1434 777 vindicaret.

313 805 464 847 XXVI.
497 804 679 844 Ceterum
713 802 862 842 occafio
897 809 986 841 nata
1007 800 1211 841 videbatur
1240 799 1289 839 ad
1313 812 1406 851 opes
1434 798 1540 850 regni

245 867 497 916 minuendas,
520 866 778 916 mandataque
792 865 831 903 in
852 863 929 903 hoc
950 863 1067 915 legati
1087 869 1340 913 acceperant:
1368 861 1541 901 &nomi-

245 932 371 972 natim
384 961 397 978 ‚
415 941 456 969 ut
475 944 586 968 naves
613 929 718 966 :celas
737 928 956 965 incenderent
968 957 982 973 ‚
1003 925 1208 978 elephantos
1229 925 1419 962 occiderent
1431 953 1444 970 ,
1466 937 1543 976 qrcae

249 1006 372 1035 contra
389 992 534 1047 foederis
556 992 649 1044 leges
667 991 790 1029 habere
814 989 1018 1029 Antiochus
1043 987 1232 1026 dicebatur.
1261 984 1402 1025 lisdem
1422 986 1542 1024 etiam

247 1054 450 1097 commissa
463 1051 708 1095 Macedoniae
729 1051 913 1102 pacandae
930 1061 1019 1089 cura
1034 1079 1043 1097 ,
1058 1060 1174 1099 quam
1197 1059 1243 1086 ex
1256 1045 1359 1097 regio
1377 1045 1543 1096 imperio

249 1117 403 1158 insolita
436 1116 592 1156 libertas
608 1145 619 1163 ,
643 1115 679 1154 δέ
702 1113 953 1170 publicorurn
974 1109 1219 1150 consiliorum
1245 1107 1420 1147 nondum
1445 1106 1544 1146 bene

250 1182 466 1235 composita
490 1181 616 1221 forma
643 1180 682 1218 in
710 1179 921 1219 seditiones
949 1182 1089 1226 egerat.
1123 1173 1360 1226 Gallograecos
1382 1172 1486 1211 etiam
1510 1172 1545 1211 δ’

249 1245 480 1299 Cappadociae
506 1257 645 1296 regnum
670 1241 856 1294 diligenter
885 1238 1049 1291 inspicere
1070 1235 1156 1286 juffi
1181 1234 1291 1274 sunt:
1326 1235 1362 1274 &
1381 1235 1460 1284 jam
1489 1233 1545 1272 di-

251 1308 379 1362 greffis
399 1308 591 1348 advenere
606 1304 747 1354 literae,
768 1303 907 1355 quibus
924 1301 1124 1353 negotium
1146 1298 1332 1347 dabatur,
1347 1310 1384 1336 ut
1404 1299 1454 1336 ad
1466 1311 1546 1337 con·

247 1371 424 1411 ciliandos
440 1367 603 1422 AEgypti
618 1381 713 1421 reges
725 1366 820 1405 nilzil
829 1364 961 1404 laboris
974 1362 1211 1416 industriaeque
1215 1361 1520 1414 praetermitterent.

324 1430 495 1473 XXVII.
533 1429 685 1469 Interea
713 1428 774 1468 Ti.
797 1425 995 1467 Gracchus
1020 1422 1104 1465 Cos.
1133 1421 1289 1462 subasta
1316 1421 1546 1462 Cammano-

249 1506 334 1533 rum
361 1498 496 1543 gente,
522 1489 690 1530 Romam
710 1488 759 1528 ad
774 1485 1019 1537 triumphum
1044 1482 1250 1535 regoeffus,
1275 1483 1435 1523 comitia
1456 1494 1547 1520 con-

249 1555 390 1597 sularia
418 1554 459 1592 in
489 1565 635 1592 annum
660 1550 884 1601 sequentem
915 1547 1066 1587 habuit.
1101 1544 1241 1596 quibus
1274 1545 1313 1584 P.
1345 1542 1544 1584 Cornelius

249 1620 290 1661 P.
313 1619 356 1660 F.
383 1618 453 1658 Cn.
479 1617 530 1657 N.
561 1615 690 1666 Scipio
715 1613 876 1662 Nafica‚
902 1611 944 1652 C.
967 1610 1137 1651 Marcius
1159 1608 1202 1648 C.
1220 1607 1263 1648 F·
1288 1609 1338 1659 Q.
1358 1607 1410 1648 N.
1432 1606 1547 1657 Figu-

248 1680 310 1722 lus
346 1678 542 1730 defignati.
581 1675 775 1718 Notabilis
812 1683 896 1714 tum
927 1687 985 1713 res
1017 1671 1196 1712 accidiffe
1226 1671 1420 1712 traditur:
1448 1673 1547 1711 inter

250 1743 437 1784 creandos
468 1739 666 1790 consules,
694 1751 786 1778 cum
810 1739 956 1789 primus
980 1744 1201 1786 rogatorum
1233 1747 1300 1774 eos
1328 1732 1544 1782 retulisset,

251 1806 356 1846 illico
392 1804 622 1856 exspiravit,
653 1815 779 1854 neque
798 1801 963 1852 ‘segnius
992 1800 1146 1851 peraeta
1175 1797 1262 1838 sunt
1294 1798 1478 1837 comitia:
1506 1796 1546 1836 id

248 1871 290 1910 in
324 1882 441 1908 omen
467 1866 647 1914 versum,
677 1863 991 1915 sermonibusque
1021 1861 1157 1913 populi
1183 1863 1371 1913 agitatum
1397 1859 1472 1910 est,
1499 1861 1547 1898 ti-

253 1931 393 1972 mentis
405 1962 417 1977 ‚
440 1943 489 1969 ne
505 1929 599 1981 quid
616 1929 654 1968 in
671 1928 876 1979 religiones
898 1936 1104 1978 peccatum
1127 1924 1238 1973 esset,
1254 1924 1418 1976 publicis
1435 1922 1547 1962 malis

255 1994 505 2046 expiandum.
545 1992 743 2033 Gracchus
764 2005 844 2031 rem
861 1991 909 2030 ad
926 1990 1098 2029 senatum
1116 1988 1267 2029 retulit:
1299 1987 1451 2027 senatus
1467 2001 1547 2026 con-

247 2060 415 2114 sulendos
441 2056 589 2096 censuit
615 2056 824 2110 haruspices.
850 2053 901 2094 Hi
926 2053 1006 2101 ubi,
1031 2064 1220 2106 rogatorem
1243 2049 1455 2089 comitiorum
1474 2063 1545 2088 non

250 2121 353 2173 {utffi’
385 2120 507 2174 justum
524 2148 535 2167 ,
561 2117 870 2170 responderunt,
895 2113 1070 2154 incensus
1099 2114 1152 2152 ira
1181 2111 1397 2159 Gracchus,
1424 2113 1546 2160 itane,

255 2183 408 2235 inquit,
434 2197 494 2235 ego
530 2196 598 2220 non
623 2181 740 2235 justus
757 2210 768 2228 ,
800 2180 859 2232 qui
886 2179 921 2218 G·
947 2177 1071 2231 consul
1094 2176 1247 2230 rogavi,
1279 2177 1315 2216 ‹S›
1344 2190 1480 2228 augur,
1509 2175 1545 2214 δ’

255 2246 468 2299 auspicato?
498 2247 571 2283 Vos
592 2243 677 2297 justi
700 2243 938 2287 comitiorum,
961 2239 1180 2291 Romanique
1194 2238 1289 2291 juris
1319 2239 1543 2290 interpretes,

257 2307 357 2359 Tasci
379 2307 558 2352 homines,
580 2306 615 2344 62
638 2304 807 2342 barbari?
840 2302 887 2340 sic
920 2303 959 2340 in
984 2299 1177 2351 praesentia
1215 2298 1310 2338 nihil
1340 2306 1544 2337 mutatum.

258 2367 401 2409 Consul
429 2366 591 2419 peraetis
621 2366 789 2405 comitiis
821 2365 859 2403 in
892 2363 1029 2404 Corsos
1064 2362 1261 2415 profestus
1295 2361 1445 2400 videtur
1464 2389 1475 2408 ,
1502 2367 1545 2397 ut:

305 2478 326 2520 §
349 2477 457 2510 XXV.
475 2477 555 2511 Just.
581 2477 726 2521 Appian.
751 2475 826 2508 Liv.
851 2475 939 2518 Epir.
960 2484 1015 2514 47.
1036 2475 1154 2517 Polyb.
1180 2472 1301 2506 Zonar.
1324 2471 1480 2503 Machab.
1507 2481 1518 2502 1
1536 2495 1546 2510 ‚

258 2523 291 2556 6.
311 2522 445 2567 Ioseph.
480 2534 516 2556 12
534 2549 543 2565 ‚
570 2534 621 2563 ¹4·
651 2523 671 2567 5
695 2520 818 2555 XXVI.
844 2521 915 2554 Cic.
941 2519 1119 2563 philippic.
1141 2529 1181 2561 9,
1207 2529 1237 2551 2.
1259 2516 1377 2561 Polyb.
