1673 3052
283 146 363 195 IN
399 143 576 192 Loc,
620 141 758 190 ΜΒ.
807 142 878 188 LI
952 139 1102 187 le.
1279 138 1373 202 3830

86 258 197 294 natus
209 250 260 291 est
281 249 436 298 consu1;
457 247 522 287 sed
541 247 646 298 quod
661 247 843 300 absurdum
861 245 924 299 ff
949 246 1114 294 diceret,
1128 246 1182 296 fi,
1196 244 1275 298 jam
1297 259 1372 284 mu-

90 330 131 354 to
153 314 249 354 urhis
263 314 451 367 fitpera10‚
463 311 656 363 formidare
678 307 881 361 congreffitm
904 309 1046 361 hostium
1069 308 1275 346 viderentur.

144 386 240 426 XX.
257 384 380 424 Prima
393 381 535 421 deinde
560 380 647 419 luce
664 378 994 429 Carthaginienses
1007 409 1019 427 ‚
1040 386 1144 417 metu
1169 377 1364 419 hostilium

82 443 352 486 machinarum
375 441 510 490 soluti,
534 443 663 480 ruinas
686 441 786 478 muri
805 439 1040 487 refecerunt,
1064 438 1231 477 turribus
1249 439 1367 479 etiam

83 507 127 546 in
149 518 195 545 eo
221 503 352 544 multis
377 516 445 554 per
470 501 667 542 intervalla
690 500 879 540 excitatis.
905 499 1090 540 Adversus
1116 513 1206 550 quas
1230 500 1369 540 Roma<

84 568 148 617 ni,
181 566 292 607 simul
321 575 439 616 atque
465 577 583 604 novas
612 563 808 603 machinas
835 563 1135 612 fabricaverant,
1166 563 1367 614 aggeribus

80 629 229 669 stru-stis
246 658 257 677 ,
271 628 375 667 faces
394 627 487 666 inde
511 628 547 666 δε
569 625 681 676 plena
705 625 791 676 pice
813 637 857 663 ac
877 624 1057 676 sulphure
1080 624 1231 664 vascula
1252 626 1292 664 in
1313 635 1368 665 ta-

82 690 213 731 bulata
244 691 407 729 turrium
436 687 713 738 jaculabantur.
749 688 802 727 ita
839 686 970 726 multis
1006 687 1178 738 partibus
1208 688 1367 726 materia

82 752 264 803 concepit
279 753 431 802 ignem:
458 749 718 800 Romanisque
735 749 833 788 inter
850 749 1025 788 flammas
1041 748 1365 799 irrumpentibus,

79 814 255 865 superata
281 814 437 864 gemino
461 811 632 863 periculo
654 820 988 862 propugnatorum
1016 810 1225 848 constantia
1243 809 1362 849 cellit..

78 875 174 926 fuga
202 883 332 915 tamen
355 873 519 912 securior
539 873 632 922 fuit3
659 873 763 923 quod
787 871 994 911 vietoribus
1025 884 1092 922 per
1115 870 1200 909 loca
1215 900 1227 917 ,
1251 884 1360 921 quae,

72 936 217 976 ‘iisdem
237 935 372 976 diebus
397 934 532 985 saepius
557 947 691 974 cruore
722 933 900 985 perfusa,
926 933 1150 973 lubricitate
1173 932 1362 972 fallebant

80 999 266 1050 gradum,
290 998 416 1036 minor
436 997 616 1035 currendi
639 996 805 1035 facilitas
827 996 912 1036 fuit.
939 993 1095 1044 Consul,
1117 1003 1199 1034 toto
1226 1008 1364 1046 aggere

78 1061 251 1114 potitus,
276 1071 431 1097 murum
462 1071 512 1097 ex
533 1058 689 1098 adverso
723 1059 956 1098 moeniorum
980 1057 1107 1105 urbis,
1135 1070 1217 1096 non
1242 1057 1360 1108 longo

79 1124 130 1163 ab
150 1122 224 1162 illis
248 1120 474 1169 intervallo,
490 1134 615 1171 neque
637 1121 868 1169 breviorem,
891 1133 1005 1170 quam
1024 1119 1088 1159 illa
1114 1128 1244 1168 erant,
1268 1120 1364 1159 late-

80 1183 186 1223 ribus
205 1182 362 1230 struxit,
377 1182 587 1232 foffamque
605 1191 695 1222 ante
716 1176 870 1222 murum
886 1181 1043 1230 objecit.
1063 1180 1121 1220 Ibi
1143 1181 1361 1231 praefidium

79 1247 288 1299 imposuit,
317 1256 479 1297 quatuor
502 1245 757 1295 jaculatorum
782 1255 895 1297 atque
921 1244 1080 1285 velitum
1114 1244 1258 1286 millia:
1296 1245 1362 1295 qui

78 1310 264 1350 continuo
280 1308 423 1348 moenia
437 1307 600 1347 hostium
615 1307 857 1347 observantes
868 1338 879 1357 ‚
895 1305 1007 1346 fimul
1023 1318 1209 1357 apparere
1226 1318 1364 1356 quem-

78 1384 196 1423 quam
215 1371 256 1409 in
275 1368 349 1408 illis
369 1369 562 1418 viderant,
580 1378 624 1408 ut
649 1368 696 1408 ab
717 1367 852 1419 aequali
876 1368 1084 1407 altitudine
1098 1398 1109 1416 ,
1126 1380 1206 1407 non
1225 1367 1359 1408 frustra

77 1432 275 1485 petebant.
307 1433 431 1482 Atque
455 1430 553 1471 inter
587 1430 669 1470 haec
696 1431 815 1470 ferme
847 1443 985 1481 opera,
1012 1428 1155 1480 hasque
1184 1442 1359 1480 pugnas,

75 1493 142 1534 illa
166 1494 270 1533 aestas
294 1492 486 1543 praeteriit.

134 1557 249 1599 XXI.
266 1555 432 1606 Consul,
445 1555 651 1606 compulsis
675 1555 771 1595 intra
788 1554 1021 1594 munitiones
1037 1552 1359 1604 Carthaginienss-

77 1618 169 1667 bus,
184 1631 272 1658 cum
288 1618 505 1669 eruptiones
528 1616 683 1656 illorum
708 1617 833 1655 minus
861 1618 939 1665 jam
960 1615 1200 1665 frequentes,
1217 1614 1359 1654 minus-

77 1694 152 1733 que
175 1680 365 1720 timendas
384 1679 561 1730 operibus
575 1680 610 1718 ὃς
631 1679 745 1717 armis
771 1677 950 1717 effecifl'et
965 1708 977 1724 ,
993 1689 1042 1715 ne
1059 1675 1224 1715 otiosum
1239 1676 1278 1714 in
1296 1688 1358 1716 ca-

75 1745 155 1784 stris
171 1743 334 1784 militem
350 1751 567 1794 pateretur,
583 1742 707 1781 donec
723 1749 873 1791 tempus
898 1741 986 1779 anni
1004 1738 1169 1787 sinebat,
1186 1739 1356 1789 praesidia

74 1806 215 1848 Punica
229 1836 242 1855 ‚
261 1819 344 1857 quae
364 1804 497 1856 paffim
518 1803 646 1842 adhuc
670 1816 736 1853 per
765 1803 934 1842 Africam
962 1809 1070 1841 erant
1084 1832 1095 1849 ‚
1112 1814 1355 1852 expugnare,

75 1881 309 1919 omnemque
322 1867 426 1918 spem
440 1866 670 1906 auxiliorum
683 1864 835 1904 obseffis
847 1865 1016 1903 adimere
1029 1865 1166 1903 statuit.
1185 1863 1354 1902 Dimiffis

74 1930 299 1982 igiturvaria
321 1931 361 1969 in
374 1929 481 1978 loca,
496 1941 584 1968 cum
608 1929 747 1968 idonea
768 1939 907 1974 manu,
933 1925 1067 1976 legatis
1090 1925 1349 1975 tribunisque,

71 1993 152 2045 ipse
172 1992 382 2044 Nepherim
398 2023 410 2041 ‚
435 1991 583 2032 celebre
605 1991 708 2030 irrito
736 1992 908 2041 priorum
940 1989 1085 2028 ducum
1108 1996 1246 2026 conatu
1280 2001 1354 2038 op-

71 2056 231 2108 pidum,
248 2053 520 2105 proficiscitur‚
534 2054 596 2092 cui
610 2065 676 2103 per
695 2052 905 2091 absentiam
921 2049 1173 2090 Hasdrubalis
1188 2048 1345 2100 Bithyas

72 2125 242 2168 praeerat.
268 2116 307 2154 in
335 2115 562 2166 quibusdam
588 2113 776 2165 praefuiffe
799 2113 1013 2163 Diogenem
1037 2112 1213 2152 invenio:
1247 2111 1352 2161 quod

71 2178 160 2228 quia
176 2178 349 2228 ignotum
374 2178 526 2216 aliunde
550 2189 692 2215 nomen
717 2176 769 2215 est
794 2188 840 2214 eo
862 2173 987 2222 belm,
1003 2174 1187 2212 inclinare
1205 2185 1346 2223 cogor,

72 2250 115 2279 ut
137 2239 212 2277 hoc
235 2238 397 2278 alterum
420 2251 563 2277 nomen
585 2237 729 2289 Bithyae
756 2237 897 2285 fuerit,
923 2237 1251 2287 quemadmodum
1280 2246 1347 2285 per

73 2311 119 2341 ea
143 2308 316 2350 tempora
342 2298 488 2350 duplici
519 2300 677 2338 nomine
709 2297 919 2338 celebratus
946 2297 1116 2338 Himilco
1149 2295 1346 2338 Phamaeas

121 2433 146 2478 ς
164 2431 255 2466 XIX.
277 2432 367 2467 Plut.
388 2433 541 2477 Apopht.
566 2432 663 2467 Rom.
682 2444 712 2470 c.
736 2442 792 2469 20.
815 2432 837 2477 5
862 2431 939 2466 XX.
961 2431 1109 2477 Appiam
