<?xml version="1.0" encoding="UTF-8"?>
<!DOCTYPE html PUBLIC "-//W3C//DTD XHTML 1.0 Transitional//EN"
    "http://www.w3.org/TR/xhtml1/DTD/xhtml1-transitional.dtd">
<html xmlns="http://www.w3.org/1999/xhtml" xml:lang="en" lang="en">
 <head>
  <title>
</title>
<meta http-equiv="Content-Type" content="text/html;charset=utf-8" />
  <meta name='ocr-system' content='tesseract 3.04.00' />
  <meta name='ocr-capabilities' content='ocr_page ocr_carea ocr_par ocr_line ocrx_word'/>
</head>
<body>
  <div class='ocr_page' id='page_1' title='image "./historiarumlibri07livyuoft_0178.png"; bbox 0 0 1673 3052; ppageno 0'>
   <div class='ocr_carea' id='block_1_1' title="bbox 275 192 1184 258">
    <p class='ocr_par' dir='ltr' id='par_1_1' title="bbox 275 192 1184 258">
     <span class='ocr_line' id='line_1_1' title="bbox 275 192 1184 258; baseline -0.007 -15"><span class='ocrx_word' id='word_1_1' title='bbox 275 210 366 258; x_wconf 87' lang='lat'>170</span> <span class='ocrx_word' id='word_1_2' title='bbox 621 192 1184 240; x_wconf 81' lang='lat' dir='ltr'>T1T1L1V11</span> 
     </span>
    </p>
   </div>
   <div class='ocr_carea' id='block_1_2' title="bbox 266 295 1592 2550">
    <p class='ocr_par' dir='ltr' id='par_1_2' title="bbox 266 295 1583 2317">
     <span class='ocr_line' id='line_1_2' title="bbox 266 295 1556 365; baseline -0.004 -17"><span class='ocrx_word' id='word_1_3' title='bbox 266 301 383 349; x_wconf 80' lang='lat' dir='ltr'>serat</span> <span class='ocrx_word' id='word_1_4' title='bbox 416 300 612 365; x_wconf 85' lang='lat' dir='ltr'>legatos,</span> <span class='ocrx_word' id='word_1_5' title='bbox 645 300 693 346; x_wconf 88' lang='lat' dir='ltr'>in</span> <span class='ocrx_word' id='word_1_6' title='bbox 721 299 995 347; x_wconf 86' lang='lat' dir='ltr'>concionem</span> <span class='ocrx_word' id='word_1_7' title='bbox 1029 296 1265 362; x_wconf 82' lang='lat' dir='ltr'>p&#39;roceffit‚</span> <span class='ocrx_word' id='word_1_8' title='bbox 1300 295 1556 362; x_wconf 75' lang='lat' dir='ltr'>Philippum</span> 
     </span>
     <span class='ocr_line' id='line_1_3' title="bbox 268 375 1558 440; baseline -0.005 -13"><span class='ocrx_word' id='word_1_9' title='bbox 268 379 421 427; x_wconf 83' lang='lat' dir='ltr'>secum</span> <span class='ocrx_word' id='word_1_10' title='bbox 450 376 592 423; x_wconf 87' lang='lat' dir='ltr'>filium</span> <span class='ocrx_word' id='word_1_11' title='bbox 616 377 784 423; x_wconf 85' lang='lat' dir='ltr'>habens</span> <span class='ocrx_word' id='word_1_12' title='bbox 803 394 814 423; x_wconf 88' lang='lat'>:</span> <span class='ocrx_word' id='word_1_13' title='bbox 835 388 885 423; x_wconf 88' lang='lat' dir='ltr'>ut</span> <span class='ocrx_word' id='word_1_14' title='bbox 908 377 958 424; x_wconf 86' lang='lat'>&amp;</span> <span class='ocrx_word' id='word_1_15' title='bbox 985 376 1107 440; x_wconf 86' lang='lat' dir='ltr'>ipsos</span> <span class='ocrx_word' id='word_1_16' title='bbox 1130 375 1525 440; x_wconf 85' lang='lat' dir='ltr'>Amphipolitanos</span> <span class='ocrx_word' id='word_1_17' title='bbox 1541 408 1558 430; x_wconf 89' lang='lat'>‚</span> 
     </span>
     <span class='ocr_line' id='line_1_4' title="bbox 270 451 1560 517; baseline -0.005 -14"><span class='ocrx_word' id='word_1_18' title='bbox 270 458 322 503; x_wconf 84' lang='lat'>&amp;</span> <span class='ocrx_word' id='word_1_19' title='bbox 342 453 546 517; x_wconf 87' lang='lat' dir='ltr'>equitum</span> <span class='ocrx_word' id='word_1_20' title='bbox 574 453 864 516; x_wconf 81' lang='lat' dir='ltr'>peditumque</span> <span class='ocrx_word' id='word_1_21' title='bbox 874 488 891 510; x_wconf 89' lang='lat'>,</span> <span class='ocrx_word' id='word_1_22' title='bbox 914 453 993 517; x_wconf 88' lang='lat' dir='ltr'>qui</span> <span class='ocrx_word' id='word_1_23' title='bbox 1013 464 1089 500; x_wconf 90' lang='lat' dir='ltr'>aut</span> <span class='ocrx_word' id='word_1_24' title='bbox 1112 452 1282 516; x_wconf 85' lang='lat' dir='ltr'>semper</span> <span class='ocrx_word' id='word_1_25' title='bbox 1303 451 1463 514; x_wconf 83' lang='lat' dir='ltr'>secuti,</span> <span class='ocrx_word' id='word_1_26' title='bbox 1484 463 1560 498; x_wconf 83' lang='lat' dir='ltr'>aut</span> 
     </span>
     <span class='ocr_line' id='line_1_5' title="bbox 269 528 1561 595; baseline -0.002 -17"><span class='ocrx_word' id='word_1_27' title='bbox 269 531 377 595; x_wconf 84' lang='lat' dir='ltr'>fuga</span> <span class='ocrx_word' id='word_1_28' title='bbox 404 530 567 578; x_wconf 91' lang='lat' dir='ltr'>eodem</span> <span class='ocrx_word' id='word_1_29' title='bbox 594 528 727 577; x_wconf 87' lang='lat' dir='ltr'>delati</span> <span class='ocrx_word' id='word_1_30' title='bbox 752 540 905 589; x_wconf 87' lang='lat' dir='ltr'>erant,</span> <span class='ocrx_word' id='word_1_31' title='bbox 927 529 1215 576; x_wconf 82' lang='lat' dir='ltr'>adhortando</span> <span class='ocrx_word' id='word_1_32' title='bbox 1245 528 1421 576; x_wconf 88' lang='lat' dir='ltr'>animos</span> <span class='ocrx_word' id='word_1_33' title='bbox 1447 544 1561 576; x_wconf 89' lang='lat' dir='ltr'>con-</span> 
     </span>
     <span class='ocr_line' id='line_1_6' title="bbox 270 603 1560 672; baseline -0.005 -16"><span class='ocrx_word' id='word_1_34' title='bbox 270 609 486 656; x_wconf 85' lang='lat' dir='ltr'>firmaret.</span> <span class='ocrx_word' id='word_1_35' title='bbox 518 606 604 654; x_wconf 89' lang='lat' dir='ltr'>Sed</span> <span class='ocrx_word' id='word_1_36' title='bbox 626 606 865 672; x_wconf 81' lang='lat' dir='ltr'>aliquoties</span> <span class='ocrx_word' id='word_1_37' title='bbox 886 606 1033 655; x_wconf 86' lang='lat' dir='ltr'>dicere</span> <span class='ocrx_word' id='word_1_38' title='bbox 1053 605 1343 668; x_wconf 83' lang='lat' dir='ltr'>incipientem</span> <span class='ocrx_word' id='word_1_39' title='bbox 1370 622 1473 654; x_wconf 91' lang='lat' dir='ltr'>cum</span> <span class='ocrx_word' id='word_1_40' title='bbox 1493 603 1560 650; x_wconf 89' lang='lat' dir='ltr'>la-</span> 
     </span>
     <span class='ocr_line' id='line_1_7' title="bbox 272 682 1562 751; baseline -0.005 -16"><span class='ocrx_word' id='word_1_41' title='bbox 272 688 426 735; x_wconf 80' lang='lat' dir='ltr'>crimae</span> <span class='ocrx_word' id='word_1_42' title='bbox 443 686 754 751; x_wconf 80' lang='lat' dir='ltr'>praepedlffent</span> <span class='ocrx_word' id='word_1_43' title='bbox 769 702 783 742; x_wconf 89' lang='lat'>;</span> <span class='ocrx_word' id='word_1_44' title='bbox 800 685 906 750; x_wconf 85' lang='lat' dir='ltr'>quia</span> <span class='ocrx_word' id='word_1_45' title='bbox 923 684 1015 748; x_wconf 87' lang='lat' dir='ltr'>ipse</span> <span class='ocrx_word' id='word_1_46' title='bbox 1031 684 1178 732; x_wconf 86' lang='lat' dir='ltr'>dicere</span> <span class='ocrx_word' id='word_1_47' title='bbox 1197 682 1395 748; x_wconf 83' lang='lat' dir='ltr'>nequiit,</span> <span class='ocrx_word' id='word_1_48' title='bbox 1410 684 1562 730; x_wconf 87' lang='lat' dir='ltr'>Evan-</span> 
     </span>
     <span class='ocr_line' id='line_1_8' title="bbox 272 759 1563 830; baseline -0.005 -17"><span class='ocrx_word' id='word_1_49' title='bbox 272 767 358 813; x_wconf 90' lang='lat' dir='ltr'>dro</span> <span class='ocrx_word' id='word_1_50' title='bbox 378 764 582 813; x_wconf 78' lang='lat' dir='ltr'>Cretensi</span> <span class='ocrx_word' id='word_1_51' title='bbox 609 762 738 830; x_wconf 24' lang='lat' dir='ltr'>editi-s</span> <span class='ocrx_word' id='word_1_52' title='bbox 754 799 769 821; x_wconf 91' lang='lat'>,</span> <span class='ocrx_word' id='word_1_53' title='bbox 795 779 897 827; x_wconf 85' lang='lat' dir='ltr'>quae</span> <span class='ocrx_word' id='word_1_54' title='bbox 916 763 988 827; x_wconf 88' lang='lat' dir='ltr'>agi</span> <span class='ocrx_word' id='word_1_55' title='bbox 1017 779 1120 810; x_wconf 89' lang='lat' dir='ltr'>cum</span> <span class='ocrx_word' id='word_1_56' title='bbox 1145 761 1438 808; x_wconf 88' lang='lat' dir='ltr'>multitudine</span> <span class='ocrx_word' id='word_1_57' title='bbox 1460 759 1563 808; x_wconf 88' lang='lat' dir='ltr'>vel-</span> 
     </span>
     <span class='ocr_line' id='line_1_9' title="bbox 272 838 1566 906; baseline -0.006 -14"><span class='ocrx_word' id='word_1_58' title='bbox 272 846 362 901; x_wconf 85' lang='lat' dir='ltr'>let,</span> <span class='ocrx_word' id='word_1_59' title='bbox 387 845 440 892; x_wconf 89' lang='lat' dir='ltr'>de</span> <span class='ocrx_word' id='word_1_60' title='bbox 466 841 641 906; x_wconf 86' lang='lat' dir='ltr'>templo</span> <span class='ocrx_word' id='word_1_61' title='bbox 670 840 910 889; x_wconf 85' lang='lat' dir='ltr'>descendit.</span> <span class='ocrx_word' id='word_1_62' title='bbox 936 839 1210 899; x_wconf 85' lang='lat' dir='ltr'>Multitudo,</span> <span class='ocrx_word' id='word_1_63' title='bbox 1229 839 1343 886; x_wconf 87' lang='lat' dir='ltr'>ficut</span> <span class='ocrx_word' id='word_1_64' title='bbox 1369 838 1425 886; x_wconf 91' lang='lat' dir='ltr'>ad</span> <span class='ocrx_word' id='word_1_65' title='bbox 1451 854 1566 885; x_wconf 91' lang='lat' dir='ltr'>con-</span> 
     </span>
     <span class='ocr_line' id='line_1_10' title="bbox 275 913 1567 987; baseline -0.007 -15"><span class='ocrx_word' id='word_1_66' title='bbox 275 923 472 987; x_wconf 65' lang='lat' dir='ltr'>spefium</span> <span class='ocrx_word' id='word_1_67' title='bbox 509 919 623 984; x_wconf 83' lang='lat' dir='ltr'>regis</span> <span class='ocrx_word' id='word_1_68' title='bbox 658 919 903 983; x_wconf 85' lang='lat' dir='ltr'>fletumque</span> <span class='ocrx_word' id='word_1_69' title='bbox 933 929 1026 965; x_wconf 88' lang='lat' dir='ltr'>tam</span> <span class='ocrx_word' id='word_1_70' title='bbox 1060 915 1355 965; x_wconf 81' lang='lat' dir='ltr'>miserabilem</span> <span class='ocrx_word' id='word_1_71' title='bbox 1391 917 1443 964; x_wconf 88' lang='lat'>&amp;</span> <span class='ocrx_word' id='word_1_72' title='bbox 1474 913 1567 978; x_wconf 87' lang='lat' dir='ltr'>ipsa</span> 
     </span>
     <span class='ocr_line' id='line_1_11' title="bbox 276 992 1568 1068; baseline -0.008 -18"><span class='ocrx_word' id='word_1_73' title='bbox 276 1002 556 1068; x_wconf 80' lang='lat' dir='ltr'>ingemuerat</span> <span class='ocrx_word' id='word_1_74' title='bbox 571 998 975 1061; x_wconf 81' lang='lat' dir='ltr'>lacrimaveratque</span> <span class='ocrx_word' id='word_1_75' title='bbox 988 1031 1001 1055; x_wconf 88' lang='lat'>,</span> <span class='ocrx_word' id='word_1_76' title='bbox 1017 994 1078 1043; x_wconf 87' lang='lat' dir='ltr'>ita</span> <span class='ocrx_word' id='word_1_77' title='bbox 1091 994 1294 1042; x_wconf 82' lang='lat' dir='ltr'>Evandri</span> <span class='ocrx_word' id='word_1_78' title='bbox 1311 992 1568 1042; x_wconf 87' lang='lat' dir='ltr'>orationem</span> 
     </span>
     <span class='ocr_line' id='line_1_12' title="bbox 278 1071 1568 1145; baseline -0.01 -15"><span class='ocrx_word' id='word_1_79' title='bbox 278 1079 628 1145; x_wconf 79' lang='lat' dir='ltr'>aspernabatur:</span> <span class='ocrx_word' id='word_1_80' title='bbox 655 1078 703 1125; x_wconf 65' lang='grc' dir='ltr'>ὃς</span> <span class='ocrx_word' id='word_1_81' title='bbox 729 1075 911 1141; x_wconf 85' lang='lat' dir='ltr'>quidam</span> <span class='ocrx_word' id='word_1_82' title='bbox 942 1073 1035 1121; x_wconf 88' lang='lat' dir='ltr'>aufi</span> <span class='ocrx_word' id='word_1_83' title='bbox 1060 1073 1161 1120; x_wconf 87' lang='lat' dir='ltr'>sunt</span> <span class='ocrx_word' id='word_1_84' title='bbox 1190 1071 1339 1118; x_wconf 87' lang='lat' dir='ltr'>media</span> <span class='ocrx_word' id='word_1_85' title='bbox 1366 1085 1423 1118; x_wconf 76' lang='lat' dir='ltr'>ex</span> <span class='ocrx_word' id='word_1_86' title='bbox 1452 1087 1568 1118; x_wconf 91' lang='lat' dir='ltr'>con-</span> 
     </span>
     <span class='ocr_line' id='line_1_13' title="bbox 278 1152 1569 1215; baseline -0.008 -8"><span class='ocrx_word' id='word_1_87' title='bbox 278 1161 414 1208; x_wconf 83' lang='lat' dir='ltr'>cione</span> <span class='ocrx_word' id='word_1_88' title='bbox 437 1158 732 1214; x_wconf 70' lang='lat' dir='ltr'>succlamare,</span> <span class='ocrx_word' id='word_1_89' title='bbox 761 1160 888 1202; x_wconf 65' lang='lat' dir='ltr'>Abin</span> <span class='ocrx_word' id='word_1_90' title='bbox 923 1158 1046 1212; x_wconf 76' lang='lat' dir='ltr'>hinc,</span> <span class='ocrx_word' id='word_1_91' title='bbox 1075 1173 1151 1214; x_wconf 82' lang='lat' dir='ltr'>ne,</span> <span class='ocrx_word' id='word_1_92' title='bbox 1179 1156 1251 1215; x_wconf 68' lang='lat' dir='ltr'>qui</span> <span class='ocrx_word' id='word_1_93' title='bbox 1273 1155 1404 1214; x_wconf 81' lang='lat' dir='ltr'>pauci</span> <span class='ocrx_word' id='word_1_94' title='bbox 1419 1152 1569 1213; x_wconf 69' lang='lat' dir='ltr'>fizper-</span> 
     </span>
     <span class='ocr_line' id='line_1_14' title="bbox 268 1228 1572 1302; baseline -0.008 -16"><span class='ocrx_word' id='word_1_95' title='bbox 268 1241 446 1302; x_wconf 72' lang='lat' dir='ltr'>summ,</span> <span class='ocrx_word' id='word_1_96' title='bbox 462 1251 632 1297; x_wconf 84' lang='lat' dir='ltr'>propter</span> <span class='ocrx_word' id='word_1_97' title='bbox 647 1252 723 1282; x_wconf 72' lang='lat' dir='ltr'>vos</span> <span class='ocrx_word' id='word_1_98' title='bbox 739 1249 969 1294; x_wconf 80' lang='lat' dir='ltr'>pereamus.</span> <span class='ocrx_word' id='word_1_99' title='bbox 996 1231 1177 1277; x_wconf 84' lang='lat' dir='ltr'>Horum</span> <span class='ocrx_word' id='word_1_100' title='bbox 1205 1228 1377 1276; x_wconf 78' lang='lat' dir='ltr'>ferocia</span> <span class='ocrx_word' id='word_1_101' title='bbox 1404 1244 1572 1276; x_wconf 78' lang='lat' dir='ltr'>vocem</span> 
     </span>
     <span class='ocr_line' id='line_1_15' title="bbox 280 1307 1572 1372; baseline -0.009 -8"><span class='ocrx_word' id='word_1_102' title='bbox 280 1314 485 1365; x_wconf 75' lang='lat' dir='ltr'>Evandri</span> <span class='ocrx_word' id='word_1_103' title='bbox 513 1312 678 1360; x_wconf 80' lang='lat' dir='ltr'>clausit.</span> <span class='ocrx_word' id='word_1_104' title='bbox 708 1311 808 1358; x_wconf 81' lang='lat' dir='ltr'>Rex</span> <span class='ocrx_word' id='word_1_105' title='bbox 839 1310 886 1356; x_wconf 87' lang='lat' dir='ltr'>in</span> <span class='ocrx_word' id='word_1_106' title='bbox 919 1309 1106 1356; x_wconf 90' lang='lat' dir='ltr'>domum</span> <span class='ocrx_word' id='word_1_107' title='bbox 1140 1307 1182 1355; x_wconf 89' lang='lat' dir='ltr'>se</span> <span class='ocrx_word' id='word_1_108' title='bbox 1211 1307 1404 1372; x_wconf 83' lang='lat' dir='ltr'>recepit,</span> <span class='ocrx_word' id='word_1_109' title='bbox 1437 1324 1572 1370; x_wconf 89' lang='lat' dir='ltr'>pecu-</span> 
     </span>
     <span class='ocr_line' id='line_1_16' title="bbox 281 1383 1573 1457; baseline -0.009 -16"><span class='ocrx_word' id='word_1_110' title='bbox 281 1394 446 1457; x_wconf 78' lang='lat' dir='ltr'>niaque</span> <span class='ocrx_word' id='word_1_111' title='bbox 465 1391 516 1438; x_wconf 86' lang='lat'>&amp;</span> <span class='ocrx_word' id='word_1_112' title='bbox 541 1405 653 1436; x_wconf 89' lang='lat' dir='ltr'>auro</span> <span class='ocrx_word' id='word_1_113' title='bbox 675 1399 953 1452; x_wconf 82' lang='lat' dir='ltr'>argentoque</span> <span class='ocrx_word' id='word_1_114' title='bbox 979 1385 1028 1432; x_wconf 90' lang='lat' dir='ltr'>in</span> <span class='ocrx_word' id='word_1_115' title='bbox 1048 1383 1345 1449; x_wconf 75' lang='lat' dir='ltr'>lembos,qui</span> <span class='ocrx_word' id='word_1_116' title='bbox 1366 1383 1412 1430; x_wconf 90' lang='lat' dir='ltr'>in</span> <span class='ocrx_word' id='word_1_117' title='bbox 1441 1384 1573 1449; x_wconf 84' lang='lat' dir='ltr'>Stry-</span> 
     </span>
     <span class='ocr_line' id='line_1_17' title="bbox 282 1461 1574 1527; baseline -0.007 -9"><span class='ocrx_word' id='word_1_118' title='bbox 282 1487 421 1519; x_wconf 80' lang='lat' dir='ltr'>:mone</span> <span class='ocrx_word' id='word_1_119' title='bbox 443 1468 617 1515; x_wconf 86' lang='lat' dir='ltr'>stabant</span> <span class='ocrx_word' id='word_1_120' title='bbox 632 1503 647 1526; x_wconf 90' lang='lat'>,</span> <span class='ocrx_word' id='word_1_121' title='bbox 668 1464 847 1524; x_wconf 84' lang='lat' dir='ltr'>delatis,</span> <span class='ocrx_word' id='word_1_122' title='bbox 868 1465 919 1512; x_wconf 86' lang='lat'>&amp;</span> <span class='ocrx_word' id='word_1_123' title='bbox 939 1462 1031 1527; x_wconf 87' lang='lat' dir='ltr'>ipse</span> <span class='ocrx_word' id='word_1_124' title='bbox 1052 1463 1107 1511; x_wconf 91' lang='lat' dir='ltr'>ad</span> <span class='ocrx_word' id='word_1_125' title='bbox 1137 1461 1306 1510; x_wconf 88' lang='lat' dir='ltr'>flumen</span> <span class='ocrx_word' id='word_1_126' title='bbox 1334 1461 1574 1510; x_wconf 85' lang='lat' dir='ltr'>descendit.</span> 
     </span>
     <span class='ocr_line' id='line_1_18' title="bbox 283 1540 1574 1604; baseline -0.007 -7"><span class='ocrx_word' id='word_1_127' title='bbox 283 1540 514 1604; x_wconf 82' lang='lat' dir='ltr'>Thraces,</span> <span class='ocrx_word' id='word_1_128' title='bbox 535 1546 730 1593; x_wconf 85' lang='lat' dir='ltr'>navibus</span> <span class='ocrx_word' id='word_1_129' title='bbox 757 1542 799 1590; x_wconf 88' lang='lat' dir='ltr'>se</span> <span class='ocrx_word' id='word_1_130' title='bbox 827 1542 1113 1591; x_wconf 82' lang='lat' dir='ltr'>committere</span> <span class='ocrx_word' id='word_1_131' title='bbox 1140 1558 1238 1587; x_wconf 90' lang='lat' dir='ltr'>non</span> <span class='ocrx_word' id='word_1_132' title='bbox 1270 1540 1358 1587; x_wconf 86' lang='lat' dir='ltr'>aufi</span> <span class='ocrx_word' id='word_1_133' title='bbox 1375 1577 1388 1598; x_wconf 89' lang='lat'><strong>‚</strong></span> <span class='ocrx_word' id='word_1_134' title='bbox 1409 1542 1574 1589; x_wconf 87' lang='lat' dir='ltr'>domos</span> 
     </span>
     <span class='ocr_line' id='line_1_19' title="bbox 285 1618 1574 1690; baseline -0.008 -15"><span class='ocrx_word' id='word_1_135' title='bbox 285 1627 469 1690; x_wconf 82' lang='lat' dir='ltr'>dilapsi,</span> <span class='ocrx_word' id='word_1_136' title='bbox 498 1626 549 1673; x_wconf 87' lang='lat'>&amp;</span> <span class='ocrx_word' id='word_1_137' title='bbox 573 1624 673 1672; x_wconf 83' lang='lat' dir='ltr'>aliae</span> <span class='ocrx_word' id='word_1_138' title='bbox 705 1621 910 1669; x_wconf 83' lang='lat' dir='ltr'>militaris</span> <span class='ocrx_word' id='word_1_139' title='bbox 943 1620 1117 1685; x_wconf 76' lang='lat' dir='ltr'>generis</span> <span class='ocrx_word' id='word_1_140' title='bbox 1147 1621 1319 1666; x_wconf 80' lang='lat' dir='ltr'>turbae:</span> <span class='ocrx_word' id='word_1_141' title='bbox 1341 1618 1574 1666; x_wconf 89' lang='lat' dir='ltr'>Cretenses</span> 
     </span>
     <span class='ocr_line' id='line_1_20' title="bbox 286 1698 1575 1771; baseline -0.006 -17"><span class='ocrx_word' id='word_1_142' title='bbox 286 1708 408 1771; x_wconf 88' lang='lat' dir='ltr'>spem</span> <span class='ocrx_word' id='word_1_143' title='bbox 448 1703 658 1769; x_wconf 83' lang='lat' dir='ltr'>pecuniae</span> <span class='ocrx_word' id='word_1_144' title='bbox 693 1702 844 1751; x_wconf 86' lang='lat' dir='ltr'>secuti.</span> <span class='ocrx_word' id='word_1_145' title='bbox 880 1703 957 1761; x_wconf 87' lang='lat'>&amp;,</span> <span class='ocrx_word' id='word_1_146' title='bbox 989 1699 1208 1764; x_wconf 88' lang='lat' dir='ltr'>quoniam</span> <span class='ocrx_word' id='word_1_147' title='bbox 1238 1698 1286 1746; x_wconf 88' lang='lat' dir='ltr'>in</span> <span class='ocrx_word' id='word_1_148' title='bbox 1323 1698 1575 1746; x_wconf 86' lang='lat' dir='ltr'>dividendo</span> 
     </span>
     <span class='ocr_line' id='line_1_21' title="bbox 284 1777 1576 1850; baseline -0.008 -17"><span class='ocrx_word' id='word_1_149' title='bbox 284 1787 386 1850; x_wconf 86' lang='lat' dir='ltr'>plus</span> <span class='ocrx_word' id='word_1_150' title='bbox 407 1784 711 1832; x_wconf 78' lang='lat' dir='ltr'>offensionum</span> <span class='ocrx_word' id='word_1_151' title='bbox 727 1817 741 1840; x_wconf 88' lang='lat'>,</span> <span class='ocrx_word' id='word_1_152' title='bbox 762 1797 896 1845; x_wconf 89' lang='lat' dir='ltr'>quam</span> <span class='ocrx_word' id='word_1_153' title='bbox 917 1778 1091 1845; x_wconf 83' lang='lat' dir='ltr'>gratiae,</span> <span class='ocrx_word' id='word_1_154' title='bbox 1111 1790 1231 1835; x_wconf 83' lang='lat' dir='ltr'>erat,</span> <span class='ocrx_word' id='word_1_155' title='bbox 1254 1777 1576 1842; x_wconf 87' lang='lat' dir='ltr'>quinquaginta</span> 
     </span>
     <span class='ocr_line' id='line_1_22' title="bbox 286 1856 1577 1926; baseline -0.009 -12"><span class='ocrx_word' id='word_1_156' title='bbox 286 1867 457 1914; x_wconf 84' lang='lat' dir='ltr'>talenta</span> <span class='ocrx_word' id='word_1_157' title='bbox 484 1863 537 1910; x_wconf 90' lang='lat' dir='ltr'>iis</span> <span class='ocrx_word' id='word_1_158' title='bbox 566 1861 707 1926; x_wconf 78' lang='lat' dir='ltr'>posita</span> <span class='ocrx_word' id='word_1_159' title='bbox 744 1860 846 1908; x_wconf 88' lang='lat' dir='ltr'>sunt</span> <span class='ocrx_word' id='word_1_160' title='bbox 879 1859 925 1905; x_wconf 89' lang='lat' dir='ltr'>in</span> <span class='ocrx_word' id='word_1_161' title='bbox 960 1859 1058 1923; x_wconf 89' lang='lat' dir='ltr'>ripa</span> <span class='ocrx_word' id='word_1_162' title='bbox 1090 1857 1355 1922; x_wconf 86' lang='lat' dir='ltr'>diripienda.</span> <span class='ocrx_word' id='word_1_163' title='bbox 1388 1857 1461 1904; x_wconf 92' lang='lat' dir='ltr'>Ab</span> <span class='ocrx_word' id='word_1_164' title='bbox 1492 1856 1577 1904; x_wconf 87' lang='lat' dir='ltr'>hac</span> 
     </span>
     <span class='ocr_line' id='line_1_23' title="bbox 287 1937 1579 2008; baseline -0.008 -16"><span class='ocrx_word' id='word_1_165' title='bbox 287 1944 546 2008; x_wconf 89' lang='lat' dir='ltr'>direptione</span> <span class='ocrx_word' id='word_1_166' title='bbox 566 1958 666 1990; x_wconf 88' lang='lat' dir='ltr'>cum</span> <span class='ocrx_word' id='word_1_167' title='bbox 687 1957 766 2004; x_wconf 87' lang='lat' dir='ltr'>per</span> <span class='ocrx_word' id='word_1_168' title='bbox 786 1939 1027 1986; x_wconf 85' lang='lat' dir='ltr'>tumultum</span> <span class='ocrx_word' id='word_1_169' title='bbox 1050 1955 1189 1986; x_wconf 82' lang='lat' dir='ltr'>naves</span> <span class='ocrx_word' id='word_1_170' title='bbox 1207 1937 1579 1994; x_wconf 87' lang='lat' dir='ltr'>conscenderent,</span> 
     </span>
     <span class='ocr_line' id='line_1_24' title="bbox 288 2015 1581 2079; baseline -0.008 -10"><span class='ocrx_word' id='word_1_171' title='bbox 288 2022 488 2070; x_wconf 80' lang='lat' dir='ltr'>lembum</span> <span class='ocrx_word' id='word_1_172' title='bbox 509 2037 648 2067; x_wconf 87' lang='lat' dir='ltr'>unum</span> <span class='ocrx_word' id='word_1_173' title='bbox 670 2018 716 2064; x_wconf 88' lang='lat' dir='ltr'>in</span> <span class='ocrx_word' id='word_1_174' title='bbox 740 2017 859 2064; x_wconf 86' lang='lat' dir='ltr'>ostio</span> <span class='ocrx_word' id='word_1_175' title='bbox 876 2016 1018 2064; x_wconf 81' lang='lat' dir='ltr'>amnis</span> <span class='ocrx_word' id='word_1_176' title='bbox 1037 2015 1326 2062; x_wconf 87' lang='lat' dir='ltr'>multitudine</span> <span class='ocrx_word' id='word_1_177' title='bbox 1347 2028 1581 2079; x_wconf 85' lang='lat' dir='ltr'>gravatum</span> 
     </span>
     <span class='ocr_line' id='line_1_25' title="bbox 291 2090 1582 2157; baseline -0.007 -11"><span class='ocrx_word' id='word_1_178' title='bbox 291 2098 553 2147; x_wconf 85' lang='lat' dir='ltr'>merserunt.</span> <span class='ocrx_word' id='word_1_179' title='bbox 594 2094 836 2157; x_wconf 85' lang='lat' dir='ltr'>Galepsum</span> <span class='ocrx_word' id='word_1_180' title='bbox 874 2111 931 2141; x_wconf 94' lang='lat' dir='ltr'>eo</span> <span class='ocrx_word' id='word_1_181' title='bbox 969 2093 1066 2152; x_wconf 91' lang='lat' dir='ltr'>die,</span> <span class='ocrx_word' id='word_1_182' title='bbox 1102 2093 1285 2155; x_wconf 83' lang='lat' dir='ltr'>postero</span> <span class='ocrx_word' id='word_1_183' title='bbox 1321 2090 1582 2139; x_wconf 85' lang='lat' dir='ltr'>Samothra-</span> 
     </span>
     <span class='ocr_line' id='line_1_26' title="bbox 291 2167 1583 2242; baseline -0.005 -16"><span class='ocrx_word' id='word_1_184' title='bbox 291 2197 420 2237; x_wconf 85' lang='lat' dir='ltr'>cam,</span> <span class='ocrx_word' id='word_1_185' title='bbox 459 2194 593 2242; x_wconf 86' lang='lat' dir='ltr'>quam</span> <span class='ocrx_word' id='word_1_186' title='bbox 631 2176 871 2238; x_wconf 84' lang='lat' dir='ltr'>petebant,</span> <span class='ocrx_word' id='word_1_187' title='bbox 905 2172 1206 2236; x_wconf 88' lang='lat' dir='ltr'>perveniunt:</span> <span class='ocrx_word' id='word_1_188' title='bbox 1235 2172 1290 2219; x_wconf 88' lang='lat' dir='ltr'>ad</span> <span class='ocrx_word' id='word_1_189' title='bbox 1322 2172 1414 2219; x_wconf 87' lang='lat' dir='ltr'>duo</span> <span class='ocrx_word' id='word_1_190' title='bbox 1445 2167 1583 2219; x_wconf 80' lang='lat' dir='ltr'>millia</span> 
     </span>
     <span class='ocr_line' id='line_1_27' title="bbox 293 2251 1077 2317; baseline -0.006 -14"><span class='ocrx_word' id='word_1_191' title='bbox 293 2256 512 2307; x_wconf 71' lang='lat' dir='ltr'>talentssm</span> <span class='ocrx_word' id='word_1_192' title='bbox 540 2254 749 2317; x_wconf 70' lang='lat' dir='ltr'>perve&amp;a</span> <span class='ocrx_word' id='word_1_193' title='bbox 773 2269 829 2298; x_wconf 88' lang='lat' dir='ltr'>eo</span> <span class='ocrx_word' id='word_1_194' title='bbox 850 2251 1077 2299; x_wconf 84' lang='lat' dir='ltr'>dicuntur.</span> 
     </span>
    </p>

    <p class='ocr_par' dir='ltr' id='par_1_3' title="bbox 295 2324 1592 2550">
     <span class='ocr_line' id='line_1_28' title="bbox 362 2324 1584 2391; baseline -0.005 -12"><span class='ocrx_word' id='word_1_195' title='bbox 362 2335 529 2379; x_wconf 87' lang='lat' dir='ltr'>XLVI.</span> <span class='ocrx_word' id='word_1_196' title='bbox 564 2331 745 2378; x_wconf 88' lang='lat' dir='ltr'>Paullus</span> <span class='ocrx_word' id='word_1_197' title='bbox 763 2365 775 2388; x_wconf 89' lang='lat'>,</span> <span class='ocrx_word' id='word_1_198' title='bbox 797 2347 876 2391; x_wconf 86' lang='lat' dir='ltr'>per</span> <span class='ocrx_word' id='word_1_199' title='bbox 900 2346 1059 2376; x_wconf 90' lang='lat' dir='ltr'>omnes</span> <span class='ocrx_word' id='word_1_200' title='bbox 1086 2326 1254 2376; x_wconf 86' lang='lat' dir='ltr'>deditas</span> <span class='ocrx_word' id='word_1_201' title='bbox 1277 2326 1484 2374; x_wconf 85' lang='lat' dir='ltr'>civitates</span> <span class='ocrx_word' id='word_1_202' title='bbox 1512 2324 1584 2373; x_wconf 78' lang='lat' dir='ltr'>di-</span> 
     </span>
     <span class='ocr_line' id='line_1_29' title="bbox 295 2404 1586 2475; baseline -0.008 -16"><span class='ocrx_word' id='word_1_203' title='bbox 295 2412 429 2460; x_wconf 79' lang='lat' dir='ltr'>miffis</span> <span class='ocrx_word' id='word_1_204' title='bbox 451 2447 465 2469; x_wconf 93' lang='lat'>,</span> <span class='ocrx_word' id='word_1_205' title='bbox 504 2411 580 2475; x_wconf 87' lang='lat' dir='ltr'>qui</span> <span class='ocrx_word' id='word_1_206' title='bbox 600 2409 830 2473; x_wconf 75' lang='lat' dir='ltr'>praeess&#39;ent</span> <span class='ocrx_word' id='word_1_207' title='bbox 850 2444 862 2465; x_wconf 91' lang='lat'>,</span> <span class='ocrx_word' id='word_1_208' title='bbox 894 2425 948 2454; x_wconf 89' lang='lat' dir='ltr'>ne</span> <span class='ocrx_word' id='word_1_209' title='bbox 971 2424 1056 2472; x_wconf 81' lang='lat' dir='ltr'>qua</span> <span class='ocrx_word' id='word_1_210' title='bbox 1081 2404 1244 2467; x_wconf 84' lang='lat' dir='ltr'>injuria</span> <span class='ocrx_word' id='word_1_211' title='bbox 1264 2404 1308 2450; x_wconf 89' lang='lat' dir='ltr'>in</span> <span class='ocrx_word' id='word_1_212' title='bbox 1331 2421 1454 2451; x_wconf 86' lang='lat' dir='ltr'>nova</span> <span class='ocrx_word' id='word_1_213' title='bbox 1477 2418 1586 2467; x_wconf 86' lang='lat' dir='ltr'>pace</span> 
     </span>
     <span class='ocr_line' id='line_1_30' title="bbox 295 2480 1592 2550; baseline -0.008 -14"><span class='ocrx_word' id='word_1_214' title='bbox 295 2487 429 2536; x_wconf 63' lang='lat' dir='ltr'>viciis</span> <span class='ocrx_word' id='word_1_215' title='bbox 456 2486 618 2546; x_wconf 87' lang='lat' dir='ltr'>fieret,</span> <span class='ocrx_word' id='word_1_216' title='bbox 649 2484 916 2550; x_wconf 81' lang='lat' dir='ltr'>retentisque</span> <span class='ocrx_word' id='word_1_217' title='bbox 935 2485 1055 2549; x_wconf 83' lang='lat' dir='ltr'>apud</span> <span class='ocrx_word' id='word_1_218' title='bbox 1073 2483 1115 2531; x_wconf 88' lang='lat' dir='ltr'>se</span> <span class='ocrx_word' id='word_1_219' title='bbox 1137 2480 1506 2532; x_wconf 39' lang='lat' dir='ltr'>caduceatoribus</span> <span class='ocrx_word' id='word_1_220' title='bbox 1524 2494 1592 2526; x_wconf 65' lang='lat' dir='ltr'>re»-</span> 
     </span>
    </p>
   </div>
  </div>
 </body>
</html>
