1673 3052
276 195 337 244 86
643 196 1206 246 TITILIVII

277 297 333 343 ad
351 296 518 344 bellum
543 299 892 347 Macedonicum
910 317 936 347 a
964 314 1088 363 patre
1108 301 1212 361 suo,
1233 301 1471 367 exposuit;
1489 305 1563 363 &‚

277 371 310 417 fi
332 388 418 434 qua
441 387 652 433 praeterea
679 374 850 420 vellent
869 375 1086 437 imperare
1102 412 1116 433 ‚
1139 376 1445 439 praestaturum
1469 394 1567 424 me-

275 443 367 489 rito
392 445 551 506 populi
575 446 774 493 Romani
793 447 853 493 cst
872 448 1102 509 pollicitus
1123 467 1134 495 ε
1154 451 1203 497 &
1223 449 1404 496 monuit
1420 451 1569 497 Patres

276 516 589 579 conscriptos,
622 534 671 566 ut
705 538 730 567 a
764 520 921 568 fraude
959 523 1392 586 Carthaginiensium
1428 540 1568 572 cave-

279 602 394 634 rent.
417 591 551 654 clqffis
571 610 637 638 eos
658 612 818 655 magnae
831 599 1036 655 parandae
1057 596 1269 660 consilium
1288 597 1428 661 cepssc
1440 597 1570 658 ;spe-

280 665 337 707 cie
359 682 436 722 pro
459 665 696 722 Romanis,
727 665 770 711 6·
796 669 991 729 adversus
1017 672 1280 716 Macedonas
1295 686 1310 714 .·
1330 672 1403 716 ubi
1426 688 1569 731 capa-

280 753 371 780 Γαῖα
407 738 671 799 instrasflaque
702 737 819 803 effic,
855 742 1037 802 ipsbrum
1063 742 1160 803 fore
1188 742 1421 808 potestatis,
1453 761 1569 804 quem

281 809 427 874 hostem
452 828 526 857 auc
539 813 707 873 socium
737 816 930 862 habeant.

791 922 818 945 1·
1046 923 1072 946 ⁴}

918 958 943 981 ἃ

347 1025 534 1071 1V*⁴‘*.
569 1036 741 1074 tantum
770 1044 986 1090 pavorem
1018 1025 1195 1091 ingl-effi
1223 1024 1384 1086 castra,
1418 1025 1572 1074 osten-

280 1107 427 1144 tantes
459 1100 633 1162 capita,
674 1100 910 1160 fecerunt,
937 1114 1016 1159 ut,
1051 1101 1082 1146 fi
1109 1100 1317 1146 admotus
1340 1099 1572 1162 extemplo

282 1171 506 1218 exercitus
538 1171 682 1232 foret,
719 1175 818 1238 capi
850 1174 987 1223 castra
1010 1172 1256 1236 potuerint.
1295 1171 1416 1217 Tum
1449 1188 1571 1234 quo·-

283 1258 372 1305 que
393 1242 492 1307 fuga
513 1244 670 1308 ingens
694 1245 800 1294 facta
819 1248 908 1295 est:
934 1250 983 1295 ὅ(
1005 1259 1154 1303 erant,
1178 1245 1256 1310 qui
1277 1244 1447 1308 legatos
1469 1240 1578 1291 mit-'

285 1315 448 1363 tendos
473 1317 526 1363 ad
555 1335 710 1380 pacem
741 1321 951 1382 precibus
972 1319 1208 1383 petendam
1229 1316 1484 1364 censerent:
1506 1316 1572 1364 ci-

285 1386 538 1452 vitatesque
558 1392 844 1454 complures,
878 1409 935 1439 eo
965 1392 1127 1439 nuntio
1152 1389 1338 1448 audito,
1368 1390 1417 1436 in
1445 1388 1572 1436 dedi-

285 1454 461 1508 tionem
505 1478 745 1513 venerunt.
785 1466 949 1530 quibus
987 1465 1280 1530 purgantibus
1312 1463 1434 1522 sese,
1475 1463 1574 1510 cul-

284 1552 477 1600 pamque
504 1537 550 1586 in
572 1539 766 1586 duorum
789 1539 1027 1587 amentiam
1047 1537 1384 1587 conferentibus
1398 1572 1412 1595 ‚
1432 1536 1510 1600 qui
1532 1535 1575 1582 se

285 1609 410 1657 ultro
441 1611 496 1658 acl
525 1630 708 1676 poenam
729 1614 808 1678 ipfi
837 1613 1123 1666 obtulissent,
1158 1629 1263 1660 cum
1290 1610 1472 1657 veniam
1499 1609 1576 1656 de-

287 1684 412 1729 disset
430 1700 621 1747 praetor3
650 1688 875 1752 profectus
896 1687 1125 1751 extemplo
1143 1686 1198 1732 ad
1218 1685 1322 1732 alias
1344 1684 1571 1741 civitates,

287 1759 501 1806 omnibus
529 1760 742 1824 imperata
769 1760 1062 1819 facientibus,
1082 1761 1238 1823 quieto
1270 1757 1473 1810 exercitu
1495 1774 1575 1820 pa-

288 1845 439 1879 catum
472 1851 653 1897 agrum,
687 1835 761 1898 qui
791 1835 925 1897 paulo
953 1847 1054 1880 ante
1082 1831 1254 1896 ingenti
1287 1829 1482 1877 tumultu
1501 1847 1575 1876 ar-

288 1907 429 1964 serat,
461 1908 730 1971 peragravit.
770 1909 879 1954 Haec
904 1907 1062 1954 lenitas
1095 1905 1327 1970 praetoris,
1364 1921 1451 1969 qua
1483 1903 1577 1950 fine

288 1978 503 2042 sanguine
541 1979 854 2026 scrociffimam
885 1990 1061 2041 gentem
1095 1978 1359 2034 domuerat,
1387 1992 1445 2022 eo
1477 1992 1576 2038 gra-

288 2050 382 2096 tiot·
413 2050 532 2112 plebi
554 2050 840 2113 patribusque
863 2050 972 2106 fuit,
1000 2067 1093 2113 quo
1121 2047 1342 2096 crudelius
1371 2046 1574 2094 avarius·

289 2138 378 2184 que
404 2122 448 2167 in
471 2121 648 2168 Graecia
680 2122 888 2168 bellatum
908 2158 922 2177 ,
954 2124 1002 2169 &
1033 2123 1088 2167 ab
1119 2119 1300 2168 consule
1320 2117 1500 2166 Licinio
1524 2119 1575 2165 δε

288 2196 344 2241 ab
364 2195 576 2242 Lucretio
603 2208 820 2257 praetore,
849 2208 955 2242 erat.
994 2195 1246 2241 Lucretium
1281 2191 1453 2239 tribuni
1480 2191 1578 2254 ple-

289 2269 358 2319 bis
378 2268 601 2314 absentem
630 2268 933 2315 concionibus
960 2266 1138 2314 affiduis
1157 2264 1438 2320 lacerabant,
1473 2279 1576 2310 cum

291 2343 552 2405 reipublicae
574 2343 698 2389 causa
728 2343 869 2389 abt-sse
897 2342 1206 2390 excusaretur:
1242 2339 1313 2387 sed
1343 2351 1436 2384 tum
1461 2337 1577 2383 adeo

292 2418 444 2465 vicina
477 2417 610 2463 etiam
644 2418 923 2481 inexplorata
957 2429 1113 2474 erant,
1141 2427 1189 2461 ut
1219 2415 1255 2461 is
1283 2429 1355 2460 eo*
1373 2424 1580 2474 tempore

293 2492 338 2539 in
375 2509 481 2556 agro
512 2492 590 2538 suo
625 2492 792 2538 Antiati
821 2492 950 2551 effet,
984 2504 1232 2554 aquamque
1264 2503 1319 2534 ex
1355 2482 1579 2532 manubiis
