1673 3052
288 175 382 236 '438
458 175 553 222 JO.
594 172 1100 221 FREINSHEMII
1140 172 1515 237 SUPPLEM

292 281 427 321 leviori
451 282 594 321 damno
611 280 808 320 civitatem
828 279 896 320 tali
917 278 1094 329 consule,
1116 292 1231 330 quam
1254 279 1292 319 se
1314 279 1431 320 talem
1451 273 1586 320 vi‘rumt

293 344 494 383 consulatu
520 342 689 384 caruisse.
1602 329 1613 339 χ

346 406 410 446 VI.
440 407 665 456 AEquiorem
693 405 743 445 ad
765 404 871 452 haec,
901 403 1000 442 inito
1032 401 1233 442 consulatu
1250 435 1263 451 ‚
1285 402 1426 442 sortem
1448 415 1585 454 exper-

293 476 380 516 tus,
411 482 527 520 quam
561 469 610 508 ad
642 467 897 508 obtinendum
925 478 1016 504 eum
1041 464 1176 515 populi
1202 464 1376 516 suffragia
1405 465 1584 513 fuerant,
1624 507 1639 517 ν

293 532 521 583 Hispaniam
553 530 723 580 accepit,
744 529 782 567 in
811 541 887 581 qua
911 525 1056 567 bellum
1082 525 1310 577 gerebatur3
1338 539 1428 566 cum
1457 526 1586 577 Appio

295 593 408 634 Italia
438 592 629 633 evenill'et.
663 591 706 631 In
737 602 812 641 qua
841 589 930 640 quia
955 596 1092 639 pacata
1117 596 1224 626 erant
1245 589 1401 638 omnia,
1422 588 1584 628 Metello

293 656 469 695 invidens
498 656 554 694 vir
583 644 751 704 inquietil
773 652 920 699 animi,
949 653 984 691 δε
1013 649 1202 701 triumphi
1227 651 1385 700 avidus,
1412 652 1586 702 undique

295 721 498 759 materiam
532 717 622 757 belli
655 715 851 767 captabat.
891 715 1103 765 Evenitque
1135 714 1170 753 ei
1204 712 1296 753 levis
1322 714 1496 762 occasio,
1523 713 1587 754 eui

299 784 398 823 adeo
422 796 501 821 non
525 780 675 829 defuit,
704 788 747 818 ut
773 791 822 818 ex
846 777 920 817 hac
948 791 1043 818 mox
1066 785 1295 828 praetextum
1319 776 1587 828 exsculperet,

301 859 406 885 arma
430 844 580 885 Salaffis
604 842 806 882 inferendi.
839 841 969 882 Salaffi
989 854 1082 893 gens
1104 841 1240 892 Alpina
1258 840 1397 880 vallem
1417 839 1588 891 amplam

301 909 498 949 incolebat
511 939 521 956 ,
536 917 761 958 partemque
784 905 976 945 montium
991 937 1002 953 ‚
1022 904 1159 955 quibus
1175 917 1218 943 ea
1236 903 1495 944 claudebatur.
1526 903 1588 944 Lis

300 980 380 1010 erat
406 969 493 1020 ipsis
519 977 704 1019 perpetua
729 979 818 1006 cum
842 966 997 1018 populis
1023 966 1121 1005 infra
1150 978 1215 1004 eos
1246 965 1508 1005 habitantibus
1535 965 1588 1005 ob

298 1033 427 1074 Duriae
454 1032 577 1071 amnis
602 1031 746 1070 fluenta
769 1061 782 1078 ‚
814 1031 880 1080 qui
906 1030 954 1068 ad
988 1028 1098 1068 usum
1129 1027 1373 1068 metallorum
1400 1033 1522 1079 (nam
1547 1028 1589 1068 in

302 1092 453 1134 Salaffis
479 1104 614 1130 aurum
640 1091 849 1141 provenit)
879 1090 983 1128 varie
1008 1087 1148 1128 divisus
1177 1086 1513 1138 intercipiebatur,
1538 1101 1588 1127 ne

300 1156 422 1207 rigare
445 1154 626 1194 inferiora
651 1152 862 1191 colentium
888 1164 997 1201 agros
1021 1150 1151 1201 polset.
1179 1151 1275 1190 Eam
1295 1150 1474 1200 injuriam
1490 1180 1501 1198 ‚
1519 1151 1585 1201 qui

303 1218 411 1257 lael‘os
443 1217 479 1256 se
509 1215 722 1268 putabant,
745 1214 848 1265 apud
879 1213 1052 1253 senatum
1083 1212 1228 1262 questi,
1249 1211 1522 1260 obtinuerunt,
1547 1222 1590 1251 ut

303 1280 433 1330 Appio
460 1277 607 1317 consuli
631 1276 858 1326 disceptatio
877 1274 942 1313 ista
962 1273 1217 1313 mandaretur.
1245 1272 1330 1320 Ille,
1351 1281 1506 1323 gentem
1532 1275 1591 1312 in-

305 1343 465 1383 noxiam
493 1339 698 1379 lacessendi
722 1345 875 1388 arrepto
903 1334 1018 1375 titulo
1033 1367 1044 1385 ,
1065 1336 1262 1387 regionem
1285 1335 1360 1374 late
1387 1335 1591 1385 vastando,

304 1416 443 1455 capere
469 1414 572 1441 arma
599 1400 763 1442 Salassos
789 1399 922 1439 omiffa
946 1399 1191 1438 cunctatione
1211 1398 1326 1450 cogit.
1352 1398 1427 1438 Sed
1447 1410 1535 1437 cum
1551 1399 1592 1437 in

302 1467 399 1507 loeis
416 1465 611 1516 impeditis
636 1467 671 1504 ἃ
695 1462 914 1503 difficilibus
942 1476 1020 1501 non
1044 1461 1421 1511 minori'cupiditate
1445 1471 1593 1514 gereret

302 1528 476 1577 bellum,
505 1541 619 1578 quam
651 1527 935 1574 concitaverat,
961 1525 1011 1564 ad
1034 1524 1204 1575 quinque
1229 1523 1353 1563 millia
1384 1523 1589 1563 hominum

305 1590 462 1631 adverso
485 1588 623 1640 proelio
645 1587 827 1638 perdidit.
1335 1598 1343 1603 “
1416 1578 1422 1585 ’

360 1652 443 1692 VII.
475 1652 565 1700 Ejus
588 1651 640 1689 rei
660 1650 796 1688 nuntio
818 1648 979 1689 Romam
996 1647 1158 1698 perlato,
1175 1647 1383 1700 decemviri
1398 1647 1454 1686 M.
1469 1646 1591 1686 AEmi-

305 1713 403 1753 lium
426 1713 618 1762 Lepidum
642 1720 844 1762 praetoreni
866 1711 1032 1757 adeunt,
1048 1710 1266 1749 nuntiantes
1280 1741 1290 1758 ,
1307 1709 1343 1748 se
1357 1740 1368 1758 ‚
1388 1721 1477 1747 cum
1502 1721 1591 1758 pro-

310 1779 503 1828 digiorum
535 1775 647 1815 causa
683 1774 804 1813 libros
844 1773 1054 1824 Sibyllinos
1090 1772 1363 1823 inspexissent,
1389 1770 1590 1822 reperiffe,

309 1841 457 1892 quoties
480 1838 624 1878 bellum
643 1837 760 1878 Gallis
778 1837 1023 1876 inferendum
1048 1835 1158 1883 effer,
1176 1835 1372 1875 sacrificari
1396 1834 1434 1872 in
1456 1847 1589 1873 eorum

309 1903 451 1943 finibus
475 1911 663 1952 oportere.
692 1908 928 1940 monuerunt
942 1900 1056 1937 etiam
1075 1911 1122 1937 ex
1143 1896 1277 1935 iisdem
1304 1895 1432 1943 libris,
1452 1909 1591 1945 aquam

308 1980 388 2007 non
401 1966 595 2019 ‚illan-ciam
612 1995 623 2011 .,
653 1963 719 2002 sed
745 1963 953 2007 Anienem,
972 1961 1013 2000 in
1041 1959 1275 2010 Capitolium
1305 1958 1591 2008 perducendam

309 2029 394 2069 effe.
423 2027 481 2067 De
505 2040 601 2076 aqua
627 2026 682 2066 M.
708 2025 814 2065 Titio
841 2025 1043 2071 negotium
1070 2022 1229 2061 datum:
1260 2021 1308 2059 ad
1333 2018 1526 2058 consulem
1543 2032 1590 2058 ex

309 2088 613 2129 decemvirorum
650 2085 816 2135 collegio
852 2084 950 2124 milli
981 2085 1084 2131 duo,
1116 2084 1180 2134 qui
1208 2083 1425 2121 nuntiarent
1458 2081 1590 2130 simul,

310 2151 403 2200 quid
428 2149 508 2189 fieri
535 2156 750 2198 oporteret,
769 2155 1017 2194 curarcntque
1039 2144 1279 2182 faciundum.
1306 2143 1363 2182 Ita
1385 2141 1490 2181 velut
1513 2141 1593 2192 pla-

312 2213 406 2251 catis
428 2210 646 2249 numinibus
661 2240 671 2257 ,
688 2209 820 2257 majori
847 2207 1021 2245 omnium
1036 2205 1099 2257 spe
1121 2206 1421 2256 redintegratum
1441 2205 1492 2244 est
1513 2205 1594 2244 bel-

310 2274 419 2314 lum:
456 2271 678 2322 collatisque
715 2271 827 2321 lignis
857 2269 1025 2320 quinque
1058 2267 1178 2308 millia
1207 2267 1372 2307 hostium
1401 2266 1504 2306 caesa.
1545 2266 1592 2306 In

359 2398 378 2432 Ε
405 2397 447 2427 V.
467 2395 555 2438 Lips.
581 2397 619 2427 de
640 2394 822 2438 magnitud.
849 2393 1031 2426 Romanor.
1053 2405 1068 2436 3
1086 2419 1094 2431 ,
1125 2404 1173 2424 τι.
1193 2392 1319 2424 Auctor
1342 2392 1381 2424 de
1400 2391 1473 2423 Vir.
1491 2391 1538 2423 ill.
1562 2403 1593 2424 c.

315 2440 369 2473 61.
394 2442 469 2472 Val.
492 2442 586 2472 Max.
611 2450 650 2479 7,
673 2451 699 2478 5.
720 2440 738 2472 S
758 2440 813 2469 Vl.
836 2438 980 2472 Diod-or.
1003 2450 1057 2483 ap.
1079 2436 1193 2473 Valos.
1216 2436 1293 2470 Liv.
1322 2436 1412 2481 Epit.
1441 2435 1548 2469 Strab.
1568 2437 1592 2470 1.

311 2498 345 2525 4.
379 2485 477 2517 Oros.
506 2496 543 2526 5,
564 2498 596 2525 4.
619 2484 686 2517 Jut.
708 2482 833 2528 Obseq.
