1673 3052
289 196 346 252 50
646 179 1211 230 T1T1L1V11

283 291 392 340 tiam
420 289 669 354 comparati
700 288 814 335 sunt.
844 286 910 335 lbi
933 286 1024 351 jam
1050 300 1202 338 motus
1227 300 1430 353 coeperat
1456 284 1574 347 esl‘e,⁴

283 364 613 411 discedentibus
638 378 661 408 a
689 360 900 408 societate
925 361 1184 408 communis
1208 363 1399 410 concilii
1429 364 1573 410 Boeo-

283 449 439 484 torum
455 432 715 498 quibusdam
732 428 912 496 populis
923 468 937 492 ,
952 449 1009 480 ex
1025 450 1122 498 quo
1137 433 1444 482 renuntiatum
1459 447 1573 494 erat,

283 507 556 573 respondisse
595 506 790 570 legatos,
823 505 1160 569 appariturum,
1187 507 1352 570 quibus
1388 508 1573 571 populis

283 582 467 647 proprie
487 580 746 628 societatem
765 596 866 626 cum
884 597 984 644 rege
1010 579 1137 643 jungi
1154 578 1454 642 displicuisset.
1475 581 1572 628 Pri-

281 657 346 704 mi
367 674 389 703 a
408 656 661 703 Chaeronea
682 654 842 717 legati,
865 653 1025 702 deinde
1047 671 1072 701 a
1090 653 1285 713 Thebis,
1304 654 1352 702 in
1375 653 1474 718 ipso
1494 655 1573 702 iti-

283 749 391 780 nere
429 741 752 788 occurrerunt,
782 730 1053 778 affirmantes
1083 746 1180 776 non
1218 729 1464 778 interfuisse
1496 731 1571 790 se,

282 822 377 868 quo
394 804 581 851 societas
598 821 648 850 ea
668 803 843 851 decreta
860 803 986 862 effer,
1013 802 1246 850 concili-o:
1280 799 1380 867 quis
1407 802 1573 868 legati,

285 879 414 926 nullo
453 877 500 924 in
533 876 767 940 praesentia
801 875 1016 938 responso
1055 877 1190 933 dato,
1225 875 1492 924 Chalcidem
1526 878 1571 925 se

286 950 412 1014 sequi
446 949 675 1012 jusserunt.
702 949 871 996 Thebis
894 965 1055 1012 magna
1079 948 1319 995 eontentio
1343 960 1445 996 orta
1476 963 1573 998 erat

281 1042 341 1072 ex
374 1024 467 1070 alio
502 1021 758 1070 certamine.
797 1022 1011 1069 Comitiis
1041 1020 1263 1085 praetoriis
1298 1023 1572 1071 Boeotorum

283 1095 550 1157 vieiapars,
570 1092 776 1153 injuriam
798 1092 1064 1156 persequens
1078 1127 1091 1150 ‚
1111 1092 1264 1139 coafia
1283 1092 1571 1142 multitudine

283 1169 516 1216 decretum
534 1166 642 1212 fecit
659 1165 851 1223 Thebis,
873 1181 928 1212 ne
945 1166 1232 1212 Boeotarchae
1252 1164 1437 1214 urbibus
1455 1166 1572 1214 reci-

283 1251 513 1302 perentur.
548 1237 732 1284 Exsules
759 1236 976 1300 Thespias
1001 1236 1200 1284 universi
1229 1236 1571 1286 concesserunt:

284 1310 389 1358 inde
411 1307 612 1373 (recepti
634 1307 752 1354 enim
771 1309 860 1354 fine
883 1309 1171 1355 cun&atione
1188 1307 1345 1374 erant)
1367 1309 1572 1368 Thebas,

281 1382 370 1446 {am
400 1380 581 1428 mutatis
602 1380 784 1438 animis,
809 1379 1017 1426 revocati
1046 1379 1275 1425 decretum
1300 1377 1500 1438 faciunt,
1518 1393 1572 1428 ut

282 1453 523 1502 duodecim
538 1489 551 1510 ‚
570 1452 649 1516 qni
672 1452 837 1515 privati
866 1464 1037 1499 coetum
1060 1453 1110 1498 δε
1131 1450 1380 1498 concilium
1399 1453 1571 1499 habuis-

283 1527 404 1583 sent,
438 1525 598 1571 exfilio
634 1525 966 1571 mutuarentur.
1005 1525 1170 1571 Novus
1206 1523 1366 1571 deinde
1402 1538 1571 1587 praetor
1623 1586 1636 1594 l

283 1598 521 1664 (Ismenias
553 1597 590 1643 is
619 1609 734 1655 erat,
753 1598 826 1646 vir
854 1597 1021 1644 nobilis
1049 1614 1098 1644 ac
1129 1595 1331 1660 potens)
1367 1599 1570 1661 capitalis

282 1689 436 1735 poenae
454 1669 653 1718 absentes
674 1687 752 1717 eos
778 1671 960 1719 decreto
989 1672 1181 1717 damnat.
1209 1670 1469 1717 Chalcidem
1493 1671 1570 1718 fu·-

284 1758 463 1809 gerant:
485 1745 587 1791 inde
608 1745 661 1791 ad
679 1746 913 1792 Romanos
934 1744 1136 1790 Larissam
1157 1742 1346 1806 profecii
1363 1780 1376 1802 ,
1391 1745 1568 1794 causam

286 1836 388 1866 cum
413 1818 572 1864 Perseo
602 1817 825 1865 societatis
847 1818 893 1863 in
916 1816 1148 1864 Ismeniam
1175 1817 1473 1867 contulerant.
1496 1822 1566 1868 Ex

285 1890 586 1938 contentione
609 1904 761 1936 ortum
780 1903 1017 1937 certamen.
1041 1891 1273 1955 utriusque
1292 1903 1440 1938 tamen
1462 1908 1567 1954 par·
1626 1910 1630 1914 ·

281 1965 340 2012 tis
363 1964 497 2026 legati
520 1964 575 2010 ad
597 1966 826 2011 Romanos
849 1976 1098 2022 venerunt,
1126 1965 1176 2012 &
1195 1964 1364 2012 exsules
1384 1965 1566 2017 accusa-1

281 2038 494 2101 toresque
514 2037 732 2095 Ismeniae,
755 2039 1027 2086 &Ismenias
1046 2038 1152 2102 ipse.

346 2115 507 2160 XLIV.
540 2112 803 2159 Chalcidem
827 2127 876 2158 ut
905 2124 1095 2159 ventum
1127 2111 1214 2168 est,
1234 2111 1419 2158 aliarum
1444 2112 1565 2161 civi-

281 2198 423 2233 tatum
445 2185 697 2247 principes,
729 2185 774 2230 id
794 2185 920 2248 quod
940 2186 1132 2231 maxime
1162 2201 1332 2248 gratum
1352 2197 1443 2233 erat
1462 2187 1565 2235 Ro-

279 2259 449 2316 manis,
469 2258 550 2304 suo
582 2258 750 2320 quique
770 2258 958 2320 proprio
987 2258 1170 2304 decreto
1198 2257 1340 2304 Persei
1370 2258 1563 2305 societa-
1600 2278 1602 2280 ·

280 2344 371 2378 tem
407 2331 653 2394 aspernati,
683 2331 901 2377 Romanis
928 2330 970 2376 se
1003 2330 1331 2394 adjungebant:
1355 2330 1563 2379 Ismenias

281 2417 461 2468 gentem
488 2406 758 2451 Boeotorum
786 2404 830 2449 in
858 2402 989 2450 fidem
1017 2405 1331 2450 Romanorum
1361 2403 1562 2464 permitti

283 2495 461 2542 aequum
491 2478 708 2530 censebat.
739 2478 842 2527 inde
873 2478 1116 2529 certamine
1140 2489 1273 2540 orto,
1298 2476 1380 2524 nifi
1407 2475 1456 2525 in
1476 2475 1560 2532 tri-3
