1673 3052
218 169 227 172 i
283 200 825 251 HtsToR1ARUM
860 203 1154 251 LIB.XL11.
1291 220 1343 252 ιι

66 305 246 364 'hostibus
260 306 670 368 senatusconfieleum
688 306 876 372 ficiffn,
904 326 982 369 quo
1000 308 1211 355 vinoriam
1219 307 1349 371 suam

70 383 132 425 ad
145 383 315 442 Ligures
331 381 568 440 transferret
580 415 595 438 ,
618 384 788 443 dedique
809 385 865 429 iis
875 402 1004 447 prope
1023 385 1225 446 confidem
1244 402 1351 445 prae·

69 469 137 500 tor
146 454 315 510 juberet.
339 458 483 517 Itaque
500 457 694 502 mamam
714 458 808 518 eise
827 460 953 504 dicere
967 476 984 503 .·
1010 477 1036 503 a
1051 460 1248 519 patribus
1266 478 1353 520 po-

57 526 239 593 stulare,
255 543 300 573 ut
304 528 712 590 senatusconsultum
732 532 777 575 in
786 532 837 590 fi
845 531 1009 589 fac‘lnm
1029 536 1123 578 tolli
1131 533 1352 588 juberem.-

58 598 488 662 fitpplicationemque
508 636 522 659 ,
551 619 681 662 quarn
710 603 894 663 absentes
919 623 973 650 ex
997 607 1150 663 literis,
1183 608 1231 650 de
1256 607 1354 651 bene

67 674 176 739 gesta
211 677 415 736 republica
447 675 602 739 mistis,
637 679 836 724 decernere
873 681 1110 736 debuerint,
1134 698 1220 740 pree
1245 696 1353 725 entes

72 748 242 793 honoris
266 751 456 795 Deorum
477 751 664 809 primum
688 751 813 809 calefit
831 785 843 803 ‚
874 753 1020 798 deinde
1046 750 1089 799 δ’
1108 755 1188 814 fici
1209 754 1354 814 aliquo

71 822 239 865 tandem
256 821 448 881 respet‘Ju,
464 824 723 868 decernerent.
744 823 784 867 N
791 822 903 870 ihiio
925 823 1176 872 lenioribus
1188 861 1200 881 ‚
1218 843 1355 890 quam

73 891 251 950 absens,
273 891 527 940 senatorum
561 893 735 956 aliquot
766 897 1049 944 orationibus
1076 897 1355 961 increpitus,

72 975 232 1010 neutra
251 963 482 1027 impetrata
499 983 567 1024 re,
582 966 627 1012 in
643 968 926 1030 provinciam
946 970 1074 1017 redit.
1095 970 1220 1017 Alter
1239 987 1358 1018 con-

72 1035 415 1083 sulPostumius
431 1074 445 1096 ‚
479 1038 715 1086 consumta
743 1038 888 1086 aestate
909 1040 956 1087 in
976 1042 1358 1105 recognoscendis

73 1108 220 1172 agris,
254 1126 310 1156 ne
336 1109 430 1158 visa
456 1112 636 1175 quidem
666 1112 909 1174 provincia
935 1113 1034 1171 sua,
1061 1115 1357 1161 comitiorum

74 1181 205 1228 causa
234 1183 427 1229 Romam
451 1185 597 1232 rediit.
627 1184 832 1233 consules
860 1188 912 1233 C.
934 1187 1178 1249 Popillium
1201 1189 1360 1234 Laena-

73 1264 164 1300 tem
182 1290 196 1313 ‚
229 1256 276 1302 P.
296 1256 462 1303 AElium
493 1257 702 1319 Ligurem
729 1259 914 1307 creavit.
947 1261 1166 1306 Praetores
1193 1261 1359 1309 exinde

74 1326 177 1374 faffi
210 1328 272 1374 C.
294 1329 492 1376 Licinius
525 1331 729 1387 Crassus,
765 1334 830 1379 M.
858 1333 1014 1380 Junius
1045 1333 1248 1389 Pennus,
1282 1335 1357 1397 Sp.

73 1400 305 1448 Lucretius
318 1436 333 1460 ‚
359 1402 434 1465 Sp.
456 1402 647 1462 Cluvius
665 1438 680 1462 ,
701 1403 787 1452 Cn.
805 1405 1017 1462 Sicinius,
1042 1406 1097 1452 C.
1117 1406 1359 1452 Memmius

7 1470 12 1479 ’
74 1472 254 1520 iterum.

0 1551 6 1561 ‘
154 1548 215 1593 X.
253 1549 321 1594 Eo
359 1564 481 1595 anno
516 1549 704 1596 lustrum
743 1550 981 1598 conditum
1017 1551 1091 1599 est.
1133 1553 1358 1600 Censores

75 1631 201 1666 erant
227 1620 287 1679 Q.
316 1620 501 1668 Fulvius
533 1622 746 1680 Flaccus,
784 1626 836 1670 A.
869 1624 1119 1670 Postumius
1152 1626 1358 1675 Albinus.

73 1693 333 1741 Postumius
360 1695 574 1743 condidit.
613 1697 758 1744 Censa
792 1697 893 1744 sunt
923 1697 1093 1744 civium
1117 1699 1357 1746 Romano-

72 1784 174 1814 rum
197 1767 341 1830 capita
361 1768 551 1816 ducenta
570 1769 797 1834 sexaginta
818 1786 986 1818 novem
1003 1769 1140 1816 millia
1159 1772 1208 1818 &
1225 1771 1359 1834 quin-

76 1839 236 1887 decim.
269 1839 426 1887 Minor
449 1841 679 1905 aliquanto
712 1860 924 1890 numerus
942 1878 955 1901 ‚
989 1843 1095 1907 quia
1123 1845 1171 1889 L.
1198 1843 1378 1889 Postu-⁷

74 1913 192 1961 mius
214 1914 371 1961 consul
392 1931 475 1978 pro
498 1917 726 1964 concione
746 1918 969 1974 edixerat,
990 1916 1068 1979 qui
1088 1915 1261 1963 socium
1277 1919 1359 1969 Lae

75 1986 160 2036 tini
194 1987 392 2035 nominis
419 2006 477 2035 ex
507 1990 654 2036 edicto
684 1991 738 2038 C.
767 1991 947 2038 Claudii
979 1990 1175 2038 consulis
1209 1992 1355 2039 redire

74 2058 122 2104 in
148 2059 352 2107 civitates
379 2061 476 2108 suas
497 2063 768 2120 debuissent,
789 2081 844 2110 ne
865 2065 962 2126 quis
991 2081 1147 2110 eorum
1169 2064 1360 2122 Romae,

75 2129 149 2175 sed
178 2146 336 2178 omnes
358 2131 404 2178 in
422 2132 508 2180 suis
528 2134 786 2183 civitatibus
812 2137 1110 2184 censerentur.
1147 2138 1360 2185 concors

75 2203 126 2248 &
161 2218 185 2248 e
213 2204 441 2265 republica
477 2207 661 2254 censura
701 2207 799 2256 fuit.
838 2226 1025 2267 omnes,
1056 2226 1172 2272 quos
1206 2210 1359 2257 senatu

74 2289 355 2333 moverunt,
393 2278 643 2342 quibusque
674 2297 816 2343 equos
849 2282 1143 2340 ademerunt,
1177 2283 1361 2329 aerarios

73 2345 303 2406 fecerunt,
335 2352 385 2398 &
407 2351 524 2397 tribu
550 2370 819 2402 moverunt:
852 2373 998 2419 neque
1017 2357 1072 2402 ab
1103 2356 1244 2402 altero
1271 2371 1359 2400 no-

74 2431 215 2465 tatum
231 2421 341 2467 alter
357 2424 586 2485 probavit.
616 2426 800 2471 Fulvius
822 2429 960 2473 :edem
984 2430 1193 2473 Fortunae
1214 2428 1360 2489 Eque-

73 2492 197 2554 stru,
222 2511 355 2559 quam
387 2497 638 2561 proconsul
670 2498 717 2545 in
738 2498 980 2563 Hispania,
1011 2498 1228 2548 dimicans
1254 2515 1358 2547 cum
