1673 3052
293 164 380 238 ηεξ
639 181 1203 240 T1T1L1v'11

285 295 471 342 occulto
497 294 656 342 itinere
686 295 902 354 intraret,
927 315 1063 361 quam
1091 299 1147 345 ab
1170 297 1300 345 Iolco
1330 297 1387 346 ad
1415 297 1575 349 urbem

287 368 426 416 castra
465 382 709 416 moverent
743 371 959 418 Romani.
998 374 1054 419 Et
1089 372 1144 419 ab
1181 375 1578 436 oppugnatoribus

284 441 542 497 Meliboeae,
582 457 686 487 cum
718 440 764 486 in
798 440 1103 503 superioribus
1135 444 1252 492 locis
1280 458 1464 508 repente
1494 465 1576 512 ap-

283 512 509 577 paruisset,
528 528 630 560 cum
651 513 952 576 trepidatione
971 515 1109 562 multa
1126 515 1276 563 reliEta
1294 533 1431 580 opera
1453 517 1577 578 sunt‚'

282 584 487 649 ignisque
524 584 724 645 injectus.
756 586 816 633 ita
836 604 860 633 a
877 587 1096 634 Meliboea
1116 587 1354 636 absceffum
1377 590 1451 636 est
1481 593 1574 639 Eu-

282 659 511 722 phranor,
539 658 682 705 soluta
710 659 843 705 unius
865 659 984 707 urbis
1010 659 1276 716 obsidione,
1309 662 1575 710 Demetria-v

281 733 384 779 dem
418 732 648 794 extemplo
670 731 806 777 ducit.
847 749 931 779 nec
963 746 1060 779 tum
1090 733 1261 780 moenia
1290 735 1460 795 modo,
1495 736 1573 784 sed

280 814 415 871 agros
446 805 577 851 etiam
611 802 899 851 confiderunt
930 804 971 852 se
998 823 1023 852 a
1051 805 1421 869 populationibus
1452 808 1571 857 tueri

280 877 431 942 posse:
461 878 511 925 &
533 877 795 939 eruptiones
822 877 865 922 in
887 894 1028 943 vagos
1050 878 1342 942 populatores
1363 896 1457 926 non
1477 879 1571 928 fine

281 952 547 1000 vulneribus
574 950 768 997 hostium
790 949 913 998 fa&ae
936 952 1051 999 sunt.
1087 952 1396 1000 circumvecti
1418 965 1569 1001 tamen

280 1027 453 1076 moenia
484 1025 584 1071 sunt
618 1034 786 1082 praetor
818 1027 868 1073 &
903 1042 1008 1078 rex,
1042 1026 1172 1072 {itum
1206 1027 1331 1074 urbis
1360 1037 1572 1070 contema

279 1095 480 1159 plantes,
506 1093 537 1139 fi
561 1110 650 1155 qua
678 1106 802 1155 parte
827 1105 999 1140 tentare
1027 1106 1102 1141 aut
1123 1111 1262 1157 opere
1283 1106 1360 1141 aut
1377 1093 1428 1139 vi
1458 1092 1567 1157 pos·
1638 1124 1643 1125 ν

279 1168 387 1215 sent.
416 1169 549 1213 Fama
578 1163 694 1224 fuit,
724 1182 802 1227 per
821 1166 1077 1230 Cydantem
1099 1166 1358 1213 Cretensem
1390 1168 1440 1214 &
1469 1169 1567 1215 An-

278 1240 521 1288 timachum
543 1275 556 1298 ,
586 1238 663 1302 qui
685 1239 963 1285 Demetriadi
983 1252 1170 1303 praeerat
1185 1277 1198 1298 ,
1225 1241 1428 1287 traElatas
1447 1241 1567 1288 inter

278 1318 526 1375 Eumenem
558 1314 608 1360 &
627 1312 776 1358 Persea
805 1313 1092 1359 conditiones
1126 1314 1348 1361 amicitiae.
1384 1314 1440 1362 ab
1467 1315 1565 1362 De-

278 1386 493 1434 metriade
526 1397 644 1432 certe
671 1385 912 1432 abscessum
938 1386 1014 1432 est.
1055 1388 1276 1433 Eumenes
1310 1386 1367 1433 ad
1397 1386 1565 1434 consu-

277 1463 366 1510 lem
400 1460 605 1524 navigat:
645 1459 922 1524 gratulatus,
956 1461 1081 1525 quod
1109 1461 1319 1524 prospere
1347 1463 1561 1510 Macedo-

277 1536 398 1581 niam
431 1532 659 1588 intrasset,
696 1533 1037 1596 Pergamumssin
1074 1550 1260 1598 regnum
1296 1535 1401 1582 abit.
1439 1538 1563 1583 Mar-

276 1608 372 1653 cius
399 1605 577 1668 Figulus
606 1617 801 1667 praetor,
833 1606 956 1668 parte
983 1606 1121 1652 claffis
1152 1607 1197 1651 in
1226 1605 1412 1653 hiberna
1440 1607 1562 1655 Scia-

274 1680 402 1727 thum
435 1677 586 1734 miffa‘,
617 1694 716 1723 cum
741 1678 924 1741 reliquis
956 1679 1146 1725 navibus
1171 1679 1345 1725 Oreum
1369 1679 1561 1726 Boeotiae

275 1751 416 1815 petit,
453 1767 548 1795 eam
579 1749 735 1795 urbem
758 1750 1017 1812 aptissimam
1048 1762 1195 1807 ratus,
1229 1751 1348 1797 unde
1384 1751 1559 1798 exerci-

275 1824 394 1870 tibus
409 1859 422 1880 ‚
444 1823 519 1886 qui
540 1824 585 1869 in
608 1823 898 1880 Macedonia,
918 1824 1082 1887 quique
1103 1826 1148 1870 in
1169 1825 1384 1872 Thessalia
1407 1837 1560 1884 erant,
1604 1863 1605 1869 ,

274 1898 394 1945 mitti
429 1911 706 1945 commeatus
739 1897 926 1960 possent.
959 1900 1033 1944 De
1062 1901 1260 1945 Eumene
1290 1916 1392 1963 rege
1420 1901 1558 1963 longe

275 1972 452 2018 diversa
472 1973 663 2018 tradunt.
691 1972 736 2018 Si
756 1972 939 2018 Valerio
960 1973 1127 2018 Antiati
1149 1973 1324 2029 credas,
1348 1990 1430 2019 nec
1452 1972 1558 2019 clas-

275 2047 319 2095 se
350 2047 549 2110 adjutum
582 2050 637 2095 ab
669 2064 724 2095 eo
753 2060 992 2110 praetorem
1029 2048 1142 2103 effe,
1172 2065 1273 2093 cum
1304 2046 1417 2110 ssepe
1451 2065 1575 2104 eum,

274 2120 414 2167 literis
434 2122 692 2178 arceffissct,
714 2120 876 2174 tradit;
903 2137 985 2166 nec
1007 2138 1107 2166 cum
1130 2121 1266 2184 oratia
1294 2120 1349 2166 ab
1373 2119 1557 2167 consule

273 2192 563 2257 pmfefihxm
555 2211 600 2240 m
620 2157 795 2250 Asiam,
822 2195 1125 2257 indignatum,
1147 2196 1300 2267 quod,
1334 2208 1382 2240 ut
1401 2193 1554 2240 iisdem

275 2265 428 2313 castris
449 2268 676 2323 tenderet,
704 2231 956 2329 periniffum
981 2284 1074 2312 non
1096 2266 1242 2314 fuerit
1280 2284 1334 2313 ne
1357 2280 1403 2312 ut
1426 2268 1555 2328 equi-

274 2354 341 2386 tes
371 2338 551 2402 quidem
574 2303 762 2397 Gallos,
800 2357 916 2403 quos
937 2340 1080 2386 secum
1107 2340 1379 2396 adduxerat,
1412 2338 1553 2385 relin-

271 2425 460 2474 queret,
493 2413 719 2476 impetrari
753 2414 809 2459 ab
837 2431 893 2460 eo
921 2414 1123 2477 potuisse.
1153 2414 1348 2460 Attalum
1373 2414 1552 2460 fratrem

274 2483 368 2548 ejus
388 2488 437 2536 ὅ(
461 2486 707 2536 remansisse
731 2488 848 2551 apud
876 2487 1132 2550 consulem,
1153 2490 1203 2536 &
1224 2479 1435 2537 sinceram
1455 2487 1549 2550 ejus
