1673 3052
281 201 822 259 HLSTORIARUM
856 203 984 249 Lm.
1021 203 1155 250 xm.
1302 216 1366 263 37

79 310 190 359 sules
221 309 449 375 jusserunt.
485 311 532 357 P.
567 309 743 357 Licinio
783 307 1081 364 Macedonia,
1114 308 1168 355 C.
1210 306 1367 353 Caffio

79 384 204 432 ltalia
231 385 440 433 obvenit.
482 384 705 448 Legiones
740 382 845 433 inde
883 382 1031 429 sortiti
1067 381 1184 428 sunt.
1217 380 1364 443 prima

79 458 130 507 &
159 457 289 505 tertia
319 458 363 504 in
394 456 710 504 Macedoniam
731 456 1066 518 trajicerentur,
1093 454 1283 502 secunda
1312 455 1364 501 δε

79 543 236 595 quarta
268 543 318 579 ut
347 531 394 579 in
424 530 549 578 Italia
580 541 873 578 remanerent.
909 528 1126 576 Deiectus
1156 526 1366 574 consules

78 603 225 652 multo
251 603 569 660 intentiorem,
603 619 735 667 quarn
768 600 906 658 alias,
937 617 1090 648 curam
1123 599 1364 646 habebant.

78 676 277 726 Licinius
313 689 488 725 veteres
527 691 713 740 quoque
745 673 960 721 scribebat
995 672 1158 719 milites
1201 684 1366 718 centu-

77 747 317 811 rionesque
335 767 346 795 ι
365 750 415 796 &
433 748 563 795 multi
585 747 820 795 voluntate
841 744 1027 792 nomina
1044 743 1235 800 dabant,
1255 742 1365 805 quia

77 819 327 883 locupletes
346 820 586 876 videbant,
605 818 681 882 qui
704 818 855 880 priore
881 815 1186 863 Macedonico
1208 815 1329 861 bello
1346 850 1362 872 ,

78 905 156 939 aut
177 891 385 940 adversus
403 890 682 939 Antiochum
703 890 749 935 in
771 888 868 935 Afia
882 924 896 946 ,
917 887 1131 951 stipendia
1149 885 1363 933 fecerant.

80 966 199 1012 Cum
245 963 417 1010 tribuni
450 963 644 1010 militum
692 961 1011 1025 centuriones,
1046 959 1119 1006 sed
1164 958 1362 1021 primum

76 1052 325 1100 quemque,
345 1035 558 1095 citarent,
578 1047 666 1080 tres
689 1035 740 1080 δε
759 1032 923 1096 viginti
943 1031 1258 1089 centuriones,
1280 1029 1363 1093 qui

76 1109 250 1174 primos
285 1109 403 1173 pilos
433 1109 681 1165 duxerant,
714 1106 836 1153 citati
870 1105 1079 1151 tribunos
1103 1103 1247 1167 plebis
1277 1120 1364 1166 ap-

77 1184 313 1248 pellarunt.
348 1186 461 1233 Duo
491 1199 547 1237 ex
570 1181 796 1245 collegio,
828 1181 892 1226 M.
924 1178 1110 1225 Fulvius
1143 1177 1363 1224 Nobilior

77 1257 128 1303 &
146 1258 207 1302 Μ.
230 1255 437 1302 Claudius
466 1253 707 1300 Marcellus
721 1288 734 1309 ‚
755 1251 808 1298 ad
830 1249 1036 1299 consules
1065 1247 1329 1309 rejiciebant
1347 1265 1365 1294 ε.

77 1332 236 1376 Eorum
259 1331 534 1390 cognitionem
566 1324 636 1389 effi
673 1327 835 1379 debere,
860 1326 1005 1385 quibus
1036 1322 1234 1378 delefius,
1265 1324 1361 1382 qui-

77 1401 226 1462 busqtte
257 1402 405 1446 bellum
428 1400 674 1444 mandatum
708 1394 808 1459 eſjbt.
846 1393 1009 1450 ceteri,
1031 1396 1263 1455 cognituros
1277 1393 1360 1451 fi,

75 1477 125 1520 de
147 1492 228 1535 quo
256 1474 454 1534 appellati
483 1468 622 1534 estitit,
649 1468 856 1531 ajebant3
878 1467 947 1527 ἃ,
991 1489 1006 1515 ι
1038 1468 1201 1527 injuria
1217 1469 1363 1528 fieret,

77 1548 290 1593 auxilium
317 1547 476 1591 civibus
506 1549 679 1589 laturos.

140 1619 353 1665 XXXIII.
386 1616 457 1662 Ad
486 1614 685 1662 subsellia
715 1615 1000 1663 tribunorum
1029 1632 1100 1664 res
1134 1615 1363 1679 agebatur.

77 1708 137 1739 eo
168 1692 232 1738 M.
263 1689 482 1753 Popillius
513 1688 782 1746 consularis,
811 1691 1093 1748 advocatus,
1126 1688 1360 1736 centurio-

79 1781 185 1824 nes,
204 1766 253 1813 &
274 1762 431 1813 consul
459 1776 697 1811 vene-runt.
732 1764 930 1811 Consule
956 1764 1060 1810 inde
1088 1762 1365 1826 postulanti,

76 1848 127 1884 ut
150 1837 198 1883 in
216 1836 442 1883 concione
467 1852 518 1882 ea
535 1853 603 1882 res
629 1849 851 1900 ageretur,
881 1836 1077 1899 populus
1097 1835 1141 1881 in
1169 1835 1360 1882 concio-

77 1926 181 1956 nem
217 1909 481 1955 advocatus.
519 1909 608 1954 Pro
643 1909 984 1956 centurionibus
1019 1910 1082 1955 M.
1116 1908 1361 1972 Popillius,

77 1981 156 2045 qui
194 1980 381 2028 biennio
417 1997 519 2029 ante
555 1982 713 2029 consul
747 1982 918 2039 fuerat,
948 1984 1007 2029 ita
1045 1982 1183 2028 verba
1219 1981 1358 2029 fecit:

77 2058 289 2102 Militares
327 2058 510 2102 homines
541 2054 583 2102 δ’
602 2058 817 2124 stipendia
836 2057 977 2122 jzsta,
1013 2053 1056 2101 G*
1084 2073 1283 2116 corpora,
1318 2052 1363 2101 G*

18 2186 22 2190 ν
78 2145 193 2175 aetate
210 2163 224 2186 ,
243 2127 286 2175 G*
303 2128 472 2191 affiduis
500 2132 735 2187 laboribus,
755 2130 937 2189 confefia
963 2131 1103 2174 lzabere
1121 2145 1138 2172 .·
1158 2131 1270 2174 nihil
1297 2147 1362 2173 re-

77 2203 215 2263 cusare
241 2218 408 2257 tamen,
437 2223 516 2263 quo
544 2207 685 2250 minus
714 2224 878 2266 operam
910 2206 1132 2264 reipublicae
1162 2206 1271 2250 dent.
1315 2205 1365 2248 id

78 2292 239 2323 tantum
260 2280 491 2338 deprecari,
513 2297 563 2324 ne
582 2279 794 2338 inferiores
810 2280 866 2324 iis
880 2281 1042 2324 ordines
1056 2314 1070 2335 ,
1088 2297 1210 2339 qnam
1232 2295 1332 2338 quos
1344 2311 1364 2333 ,.

76 2366 168 2393 cum
194 2348 434 2412 militaffint
448 2384 461 2406 ‚
482 2349 732 2413 liabuiffent‚
749 2353 1071 2397 attribuerentur.
1094 2351 1137 2395 P.
1159 2349 1363 2395 Licinius

77 2419 233 2466 consul
257 2418 629 2466 senatusconsulta
647 2422 826 2468 recitari
842 2421 958 2482 juffit
975 2439 984 2467 :
1002 2422 1192 2482 primum
1206 2456 1219 2476 ‚
1235 2420 1362 2483 quod·

76 2490 242 2539 bellum
263 2491 436 2542 senatus
465 2493 622 2540 Perseo
647 2492 825 2555 juilifl'et
841 2493 1062 2548 :ldcinde,
1087 2492 1213 2556 quod
1232 2504 1359 2542 vete·-

1000 2566 1042 2612 ί
1080 2582 1102 2629 3
