1673 3052
304 167 402 225 394
474 154 1528 207 JO.FRE1NSHEM118UPPLEM;

307 268 415 308 velut
434 264 647 318 ponticulis
672 265 893 317 angiportus
908 294 918 313 ‚
940 267 976 304 &
1001 277 1046 304 ex
1069 263 1188 304 domo
1222 262 1262 302 in
1285 262 1448 302 domum
1466 263 1589 302 victor

307 330 419 370 miles
445 327 723 368 transcedebat.
749 329 783 368 ἃ
808 327 882 366 hic>
903 328 1061 378 quidem
1087 328 1127 366 in
1147 326 1258 365 tediis
1281 325 1446 376 aedium,
1466 336 1591 375 neque

307 392 429 432 secius
455 392 577 439 infra,
604 400 646 429 ut
674 391 774 436 forte
799 390 963 428 invicem
1001 395 1272 436 occurrerant,
1300 387 1348 428 ad
1368 387 1592 440 angiportus

307 454 532 494 certabatur.
561 451 753 504 plenaque
776 462 883 491 erant
907 453 1038 491 omnia
1067 451 1234 504 gemitu,
1261 452 1296 491 δι
1325 449 1481 490 dist-'onis
1507 448 1593 488 cla-

308 516 506 564 moribus,
529 514 807 564 vulnerumque
831 526 876 553 ac
901 514 1035 553 mortis
1061 514 1162 552 varia
1190 511 1382 563 imagine:
1413 511 1507 550 dum
1527 508 1592 548 alii

308 578 430 626 ferro,
457 578 523 618 alii
551 578 661 616 ruina
693 576 886 616 intereunt
916 575 1147 626 praecipitati
1188 587 1235 613 ex
1267 572 1437 622 solariis,
1462 572 1593 612 afflicti

306 641 444 690 humi,
472 641 630 692 quidam
654 641 769 680 etiarn
797 641 838 678 in
865 641 1007 679 erectas
1033 637 1197 677 aliorum
1225 635 1348 675 hastas
1370 633 1593 686 gladiosque

307 705 396 745 casu
419 704 547 744 delati.

361 775 503 816 XLIII.
533 774 665 816 Solum
690 774 820 814 adhuc
843 772 1070 812 incendium
1092 769 1250 817 aberat3
1275 781 1355 808 non
1379 765 1596 807 misericor-

311 839 398 888 dia,
425 839 491 879 sed
516 840 604 890 quia
629 839 748 890 partis
771 837 965 887 utriusque
989 847 1129 885 magno
1153 845 1314 874 numero
1347 829 1500 881 repletae
1526 829 1597 868 do-

307 917 393 943 mus
415 912 545 943 erant:
572 904 697 942 donec
720 902 770 941 ad
792 913 920 940 muros
945 898 1066 950 Byrsae
1093 911 1114 936 a
1137 896 1318 947 Scipione
1339 901 1596 946 penetratum.

308 966 359 1005 ad
381 979 477 1015 quos
502 964 785 1012 suffodiendos,
803 963 891 1015 quia
911 969 1068 1014 propter
1079 960 1159 999 vim
1183 964 1512 1009 propugnatorum
1531 965 1598 993 va-

308 1025 390 1066 lido
416 1027 552 1067 robore
578 1034 659 1065 erat
683 1038 804 1076 opus,
826 1023 984 1063 incendi
1008 1030 1086 1061 tres
1115 1022 1214 1060 inter
1237 1019 1366 1058 forum
1394 1029 1597 1067 arcemque

306 1091 387 1128 vias
409 1089 534 1138 jussit:
568 1088 769 1137 statimque
795 1087 941 1132 ruinas,
963 1094 1005 1123 ut
1029 1096 1111 1134 quae
1135 1081 1183 1121 ab
1207 1082 1296 1132 igne
1321 1080 1431 1120 faetae
1455 1079 1596 1127 effent,

310 1156 507 1205 repurgari
522 1186 532 1202 ,
551 1168 626 1205 quo
651 1153 772 1204 posset
793 1153 842 1191 ad
869 1163 994 1190 arcem
1019 1148 1210 1188 exercitus
1225 1147 1321 1186 citra
1340 1145 1598 1197 impedimen..

304 1226 391 1257 tum
414 1218 605 1256 accedere.
633 1217 737 1257 Hinc
757 1227 846 1253 vero
866 1211 1126 1262 multiplicata
1140 1208 1334 1248 malorum
1348 1205 1469 1260 facie,
1485 1205 1596 1254 flam-¹

307 1296 459 1322 m⁴.1·Um
491 1283 682 1332 crepitus,
717 1277 1139 1331 procumbentiumque
1168 1272 1314 1312 sonitus
1341 1269 1594 1309 aedificiorum

308 1346 423 1396 longe
450 1346 605 1395 lateque
631 1342 867 1383 horrendum
892 1340 1084 1389 fragorem
1111 1337 1290 1376 edebant.
1332 1332 1408 1373 Sed
1434 1334 1469 1372 &
1495 1331 1596 1370 inter

307 1416 492 1450 crementa
519 1409 797 1455 ma‘eriamoue
823 1404 1054 1448 domorum,
1082 1411 1175 1451 quas
1200 1398 1298 1446 ignis
1322 1406 1388 1436 aut
1408 1394 1512 1435 nisus
1541 1393 1598 1432 di-

305 1473 496 1512 ruenrium
524 1472 739 1518 disjecerat,
754 1465 873 1506 multa
899 1464 1082 1502 cadavera
1105 1458 1453 1512 provolvebantur:
1483 1453 1598 1496 rnulti.

306 1536 422 1574 etim]
454 1534 654 1578 vivorum,
679 1529 818 1580 quib-us
846 1528 1036 1577 praec²pne
1061 1524 1170 1563 sexus
1195 1533 1262 1562 aut
1289 1533 1381 1561 aetas
1408 1518 1594 1559 infirmior

305 1597 471 1637 latebrae
497 1592 684 1637 suaserat,
712 1590 773 1629 alii
808 1585 1081 1629 {emiustulati,
1103 1586 1261 1636 quidam
1290 1583 1464 1622 laceratis
1495 1582 1596 1621 ferro

306 1656 560 1698 corporibus,
599 1650 803 1691 miserabili
840 1662 929 1687 curn
959 1647 1116 1697 ejulatu
1138 1645 1357 1696 praecipites
1388 1644 1592 1684 cadebant.

308 1734 358 1760 nc
388 1720 433 1757 lic
460 1717 614 1768 quidem
649 1713 736 1753 finis
769 1712 958 1751 malorum
993 1720 1085 1749 erat.
1114 1709 1180 1747 sed
1209 1708 1350 1758 quibus
1378 1707 1595 1747 muniendae

308 1783 379 1820 vif·
402 1780 536 1819 datum
554 1777 755 1827 negotium
775 1774 926 1819 fuerat,
951 1771 1139 1822 quidquid
1163 1780 1251 1809 ante
1275 1769 1394 1819 pedes
1418 1777 1522 1817 erat,
1544 1767 1596 1807 la-

309 1843 435 1894 pidez,
463 1840 590 1891 ligna,
611 1838 822 1881 cadavera,
843 1835 951 1873 vivos
980 1842 1095 1883 atque
1118 1831 1489 1879 seminecesffurcis
1513 1831 1595 1870 fer-

310 1917 350 1942 ra
372 1902 537 1940 semisve
561 1911 783 1949 correptOS,
808 1898 847 1935 in
867 1896 998 1936 foveas
1026 1898 1060 1935 ἃ
1087 1894 1174 1933 loca
1196 1906 1288 1932 cava
1307 1891 1596 1943 protrahebant.

311 1967 365 2006 ibi
383 1965 558 2014 quidam,
583 1962 774 2013 capitibus
798 1960 861 2000 alii
886 1959 958 1999 alia
983 1967 1093 2009 parte.
1112 1956 1281 2007 corporis
1307 1955 1512 2002 exstantes,
1530 1955 1596 1994 diu

316 2041 404 2067 cun-1
434 2027 561 2065 anima
586 2024 852 2070 luctabantur,
873 2021 1001 2061 amissa
1025 2020 1132 2059 omni
1152 2017 1310 2058 vivendi
1332 2017 1397 2068 spe
1419 2029 1463 2056 ac
1482 2025 1597 2064 voto,

312 2102 363 2128 ne
394 2087 523 2131 mortis
551 2087 704 2136 quidem
731 2094 904 2124 extremo
926 2083 1061 2123 solatio
1088 2088 1308 2131 compotes:
1332 2080 1458 2118 donec
1479 2092 1596 2130 equo-

314 2164 357 2190 ru
378 2166 396 2187 ν,
427 2148 580 2202 ungfulis
611 2148 768 2194 obtriti,
797 2146 1046 2186 miserrimum
1074 2143 1247 2194 spiritum
1282 2142 1525 2181 acerbiffimo‘
1545 2140 1609 2181 fia*

281 2247 284 2250 .
313 2224 363 2251 ne
389 2210 644 2261 expellerent,
670 2219 750 2248 tarn
778 2209 853 2248 fine
880 2207 995 2258 culpa
1021 2206 1403 2254 facientium,quam
1423 2202 1500 2242 fine
1518 2201 1597 2240 mi-

312 2273 529 2314 sericordia.

368 2342 507 2383 XLIV.
540 2341 623 2381 Nec
645 2340 747 2379 enim
772 2339 860 2379 data
877 2351 993 2389 opera
1016 2337 1099 2378 haec
1123 2345 1203 2376 tam
1229 2333 1399 2375 crudelia
1415 2331 1597 2386 gereban-

359 2481 384 2526 S
409 2480 527 2514 XLIII.
550 2478 673 2515 Zonar.
696 2478 843 2522 Appian-
