1673 3052
283 220 337 287 56
539 220 1198 291 7T1T1L1V11

279 326 621 388 Cephalleniam
650 326 767 373 claffi
792 343 1042 374 occurrere.
1076 326 1132 374 ab
1157 325 1374 391 Rheginis
1393 324 1563 381 triremi

280 416 369 445 una
384 435 398 457 ,
423 401 477 445 ab
506 399 660 446 Locris
681 400 877 457 duabus,
902 400 957 452 ab
975 400 1183 451 Uritibus
1206 411 1422 464 quatuor,
1444 415 1564 462 prae-

279 485 349 520 ter
387 491 512 520 oram
551 473 686 521 Italiae
716 472 1013 537 ‘supervestus
1052 471 1272 523 Calabriae
1314 484 1564 523 extremum

281 547 655 616 promontorium
668 547 714 593 in
725 546 862 594 Jonio
878 546 1010 602 mari,
1025 545 1369 609 Dyrrhachium
1384 543 1566 606 trajicit.⁴

281 622 348 669 Ibi
370 623 522 670 decem
545 611 742 683 ipsorum
763 620 1192 683 Dyrrhachinorum
1207 655 1223 681 ‚A
1243 618 1483 675 duodecim
1506 616 1567 663 ls-

282 695 496 752 saeowm,
517 694 841 758 quinquaginta
861 705 1054 755 quatuor
1073 691 1230 746 Gentii
1250 684 1364 756 regis
1389 691 1568 742 lembos

281 771 435 816 nacius
453 805 466 826 ‚
493 767 700 815 simulans
720 767 763 813 se
785 764 989 823 credere,
1011 782 1087 812 eos
1109 766 1155 812 in
1173 763 1299 812 usum
1328 765 1566 813 Romano-

283 858 381 894 rum
408 851 696 902 comparatos
714 839 799 885 effe
813 875 827 896 ‚
849 837 1060 892 omnibus
1088 838 1284 884 abduffls
1300 873 1313 893 ‚
1333 837 1404 889 die
1427 834 1566 888 tertio.

284 912 546 978 Corcyram
563 950 575 970 ‚
596 914 701 959 inde
730 912 938 976 protinus
958 912 1002 957 in
1021 911 1357 974 Cephalleniam
1386 909 1569 967 trajicit⁰

285 986 340 1031 C.
360 985 591 1042 Lucretius
612 983 781 1047 praetor
798 985 853 1030 ab
871 983 1063 1070 Neagoli
1086 979 1310 1045 profecius
1325 1018 1338 1040 ‚
1361 981 1571 1043 superato

282 1059 432 1115 freto,
469 1052 539 1104 die
574 1057 734 1121 quinto
769 1058 813 1103 in
849 1056 1191 1118 Cephalleniam
1223 1049 1472 1102 transmisit.
1506 1053 1572 1101 lbi

283 1132 406 1178 stetit
437 1131 600 1188 claffis,
635 1130 760 1176 fimul
791 1131 1063 1192 opperiens,
1086 1141 1137 1175 ut
1170 1127 1393 1179 terrestres
1427 1125 1575 1190 copiae

283 1202 624 1264 trajicerentur,
655 1202 807 1259 simul,
841 1213 890 1247 ut
923 1201 1169 1256 onerariae‚
1200 1216 1257 1254 ex
1281 1199 1456 1264 agmine
1491 1197 1572 1244 suo

283 1292 365 1339 per
386 1275 526 1322 altum
557 1273 798 1335 diffipatae,
828 1271 1237 1337 consequerentur.⁴
1320 1269 1322 1272 ’

297 1345 301 1349 ’
353 1347 522 1401 XLIX.
560 1348 643 1392 Per
677 1347 763 1393 hos
798 1344 914 1391 forte
947 1344 1038 1390 dies
1072 1345 1118 1390 P.
1152 1341 1350 1389 Licinius
1383 1337 1574 1398 consul,
1637 1389 1645 1396 ,

285 1420 408 1469 votis
440 1420 486 1465 in
518 1418 753 1481 Capitolio
781 1416 1050 1479 nuncupatis
1071 1452 1084 1474 ,
1118 1415 1352 1479 paludatus
1380 1413 1437 1461 ab
1462 1413 1575 1466 urbe

285 1494 512 1559 profecius
553 1494 627 1541 est.
663 1495 847 1555 Semper
881 1492 1061 1555 quidem
1093 1508 1143 1539 ea
1173 1506 1241 1537 res
1277 1506 1379 1536 cum
1415 1505 1576 1553 magna
1639 1481 1642 1484 ’

286 1567 502 1631 dignitate
523 1583 572 1620 ac
591 1565 811 1628 majestate
833 1565 1024 1628 geritur:
1050 1563 1274 1626 praecipue
1292 1576 1440 1615 tamen
1462 1575 1578 1609 con-

288 1641 426 1697 vertit
446 1640 609 1692 oculos
637 1639 934 1702 animosque,
969 1653 1070 1683 cum
1104 1636 1159 1681 ad
1192 1649 1406 1698 magnum
1440 1632 1577 1678 nobi-

288 1714 467 1775 lemque
485 1750 501 1771 ,
534 1725 609 1760 aut
628 1713 793 1759 virtute
822 1725 900 1758 aut
932 1709 1113 1755 fortuna
1131 1744 1144 1765 ‚
1165 1706 1337 1753 hostem
1353 1740 1368 1764 ‚
1396 1717 1577 1756 euntem

286 1787 518 1834 consulem
552 1786 898 1850 prosequuntur.
935 1783 1179 1835 Contrahit
1207 1780 1326 1826 enim
1354 1795 1447 1825 non
1471 1778 1578 1827 offi-

288 1859 347 1909 cii
380 1859 521 1905 modo
555 1875 687 1917 cura,
727 1856 799 1910 sed
832 1857 964 1904 etiam
998 1854 1186 1901 studium
1222 1851 1456 1916 speetacixli
1478 1887 1492 1908 ,
1527 1861 1599 1898 ut‘

289 1933 475 1986 videant
511 1932 668 1979 ducem
708 1930 831 1982 suum
854 1966 868 1988 ‚
905 1927 1033 1989 cujus
1074 1927 1264 1990 imperio
1298 1925 1580 1987 consilioque

291 2006 508 2052 summam
527 2004 847 2066 rempublicam
879 2002 1088 2048 tuendam
1114 1998 1421 2062 permiserunt.
1450 1997 1576 2050 Subit

291 2079 453 2126 deinde
486 2077 705 2140 cogitatio
739 2077 966 2131 animum,
1002 2074 1082 2135 qui
1117 2064 1220 2121 belli
1258 2071 1411 2126 casus,
1445 2079 1578 2134 quam

290 2152 488 2198 incertis
510 2150 705 2196 fortunae
725 2161 942 2206 eventus,
970 2145 1313 2206 communisque
1335 2146 1455 2190 Mars
1471 2141 1579 2190 belli

289 2226 368 2272 sit:
403 2224 611 2282 adversa,
645 2223 834 2270 secunda
854 2258 865 2278 ‚
892 2236 1081 2284 quaeque
1117 2218 1289 2270 inscitia
1324 2219 1373 2265 &
1397 2215 1579 2268 temeri-

291 2310 382 2344 tate
400 2299 565 2346 ducum
597 2298 741 2344 clades
767 2296 879 2356 saepe
904 2293 1145 2343 acciderint
1162 2310 1179 2345 3
1194 2308 1294 2354 quae
1315 2302 1472 2337 contra
1495 2290 1578 2335 bo-

293 2388 350 2416 na
379 2370 612 2430 prudentia
637 2372 686 2422 &
705 2369 852 2415 virtus
881 2366 1091 2414 attulerit.
1127 2368 1274 2426 Quem
1312 2362 1420 2412 scire
1452 2377 1580 2409 mor-

292 2443 448 2488 talium
464 2480 480 2499 ‚
510 2442 653 2488 utrius
675 2442 837 2487 mentis
852 2478 867 2498 ,
898 2438 1039 2485 utrius
1059 2438 1256 2484 fortunae
1278 2432 1505 2482 consulem
1525 2432 1580 2484 ad

292 2516 457 2575 bellum
479 2516 658 2565 mittant
676 2516 693 2577 ξ
714 2515 1126 2579 triumphantemne
1146 2527 1258 2569 mox
1283 2524 1384 2568 cum
1406 2505 1588 2564 exercign.
