1673 3052
289 166 835 239 HISTORIARUM
870 193 1166 240 LIB.XL11.
1297 208 1355 258 45

79 297 240 346 deinde
275 299 608 363 ambigebatur,
645 316 749 347 cum
787 317 920 364 quam
961 301 1112 348 multis
1146 301 1364 349 transiret.

76 370 205 428 Rex,
234 388 336 418 cum
363 370 492 418 omni
512 370 731 423 comitatu
757 373 941 419 transire
960 408 973 431 ‚
1009 390 1184 434 aequum
1211 373 1362 420 cense-

73 441 178 489 bat:
213 442 346 506 legati
373 441 450 489 vel
486 459 588 489 cum
623 442 765 490 tribus
796 444 955 490 venire
983 443 1226 505 jubebant,
1253 446 1361 504 vel,

75 512 108 559 fi
139 526 314 561 tantum
343 529 500 577 agmen
535 514 816 570 traduceret,
850 514 1026 562 obfides
1064 517 1218 572 daret,
1248 517 1362 564 nihil

78 584 246 634 fraudis
271 585 370 633 fore
391 586 436 632 in
461 586 716 649 colloquio.
745 587 944 649 Hippian
964 589 1361 649 &Pantauchum,

76 675 195 720 quos
218 660 457 723 &legatos
481 659 685 718 miserat,
719 659 948 723 principes
976 661 1254 720 amicorum,
1275 664 1363 710 ob-

77 731 189 779 sides
216 732 349 779 dedit.
382 734 479 779 Nec
499 731 653 778 tamin
673 731 833 795 pignus
862 731 966 779 fidei
996 732 1170 780 obfides
1196 734 1362 781 defide-

77 805 164 851 rati
193 820 346 860 erant,
380 820 517 867 quam
546 816 596 851 ut
629 816 862 867 appareret
888 803 1046 861 sociis,
1079 822 1363 869 nequaquam

78 892 137 922 ex
163 876 373 939 dignitate
400 875 497 938 pari
528 877 746 939 congredi
774 893 923 941 regem
957 895 1062 925 cum
1090 878 1257 942 legatis.
1283 881 1364 926 Sa-

78 948 241 995 lutatio
265 965 361 996 non
379 960 592 1012 tanquam
616 949 815 996 hostium
830 987 844 1008 ‚
866 949 942 997 sed
961 950 1190 1014 hospitalis
1211 970 1261 1000 ac
1282 953 1363 1000 be-

79 1021 215 1085 nigna
242 1021 355 1079 fuit3
385 1022 627 1086 positisque
660 1022 834 1070 sedibus
859 1022 1172 1072 consederunt.

143 1094 240 1139 XL.
267 1094 388 1140 Cum
415 1092 636 1156 paulisper
657 1093 878 1141 silentium
901 1094 1047 1142 fuiffet
1072 1114 1083 1142 z
1116 1099 1361 1160 Exspeetari

76 1183 180 1224 nos,
208 1164 352 1229 inquit
374 1165 594 1221 Marcius,
622 1168 826 1222 arbitror,
851 1184 897 1213 ut
922 1170 1236 1230 respondeamus
1265 1175 1361 1217 lite-

77 1241 137 1284 ris
171 1241 281 1296 tuis,
315 1257 418 1300 quas
453 1240 675 1300 Corcyram
709 1241 850 1307 misisti
863 1261 884 1298 ;
922 1245 968 1289 iri
1002 1245 1148 1303 quibus
1186 1249 1329 1305 qttaeris
1346 1281 1361 1302 ,

77 1315 182 1373 quid
204 1315 267 1358 ita
295 1317 423 1375 legati
451 1332 543 1359 cum
576 1317 780 1361 militibus
809 1320 1037 1364 venerimus
1056 1353 1070 1375 ,
1100 1317 1142 1365 δ’
1164 1320 1362 1383 praesiclicz

79 1388 126 1430 iri
139 1385 338 1448 singulas
365 1387 480 1432 urbes
508 1388 804 1433 dimittamus?
837 1392 920 1434 Ad
943 1391 1051 1436 lzarzc
1074 1393 1364 1452 interrogatio-

76 1477 170 1504 nem
199 1476 312 1506 tuam
335 1457 378 1505 δ’
405 1478 493 1505 non
521 1461 756 1521 respondere
782 1481 945 1521 vereor,
967 1482 1017 1509 rze
1034 1465 1258 1525 superbum
1272 1465 1363 1529 sit,

80 1529 123 1576 ὅ*
150 1549 244 1576 vera
270 1532 503 1592 respondere
518 1566 532 1588 ,
563 1550 613 1577 rte
640 1535 770 1577 nimis
794 1536 978 1579 acerbum
999 1538 1186 1581 audienti
1205 1539 1280 1583 tibi
1297 1540 1362 1583 νὶ-

77 1607 234 1650 deatur.
263 1607 349 1650 Sed
371 1622 461 1649 cum
491 1621 565 1649 aut
587 1607 719 1649 verbis
737 1606 1026 1670 castigandus,
1045 1626 1120 1653 aut
1137 1613 1265 1654 armis
1271 1610 1360 1673 sit,

78 1679 150 1738 qui
166 1676 313 1735 foedus
342 1681 495 1738 rumpit
505 1696 526 1732 ,·
541 1678 656 1743 ficut
678 1681 826 1723 bellum
847 1680 1040 1739 adversus
1055 1698 1090 1726 te
1108 1685 1187 1727 alii
1198 1718 1215 1738 ,
1236 1702 1361 1743 quam

77 1751 185 1794 mihi
197 1783 212 1806 ,
244 1752 491 1795 mandatum
508 1754 655 1796 malim
673 1785 686 1808 ‚
708 1752 769 1796 ita
786 1753 988 1796 orationis
1006 1757 1258 1800 acerbitatem
1278 1758 1362 1801 ad-

77 1843 148 1870 ver
166 1841 215 1869 us
246 1825 444 1885 hospitem
465 1859 478 1882 ,
508 1841 710 1886 utcunque
737 1827 811 1893 est,
831 1827 1015 1887 subibo:
1034 1828 1149 1891 sicut
1180 1833 1361 1889 medici,

74 1915 169 1944 cum
188 1897 348 1956 salutis
379 1899 505 1959 causa
530 1900 707 1966 tristiora
731 1902 911 1946 remedia
936 1904 1145 1950 adhibent.
1181 1905 1259 1948 Ex
1281 1923 1362 1964 quo

81 1990 251 2034 regnum
278 1975 452 2034 adeptus
477 1991 518 2020 es
534 2008 547 2031 ‚
573 1993 701 2020 unam
724 1993 804 2020 rem
822 1991 879 2032 te,
899 1993 983 2036 quae
995 1975 1201 2034 facienda
1209 1976 1364 2035 suerit,

70 2046 249 2107 senatus
268 2045 406 2108 feciffe
435 2047 562 2105 censet
573 2065 594 2102 ;
627 2050 738 2107 quod
762 2052 915 2109 legatos
936 2051 1116 2095 Romam
1148 2052 1208 2094 ad
1238 2070 1362 2096 reno-

81 2121 265 2164 vandum
289 2120 313 2141 *
330 2119 394 2142 *¹*
423 2119 591 2174 judicat
616 2123 789 2179 potius,
815 2139 936 2180 quam
955 2155 968 2177 ‚
996 2139 1084 2166 cum
1121 2139 1361 2168 renovatum

79 2180 200 2245 effic,
229 2186 490 2230 violandum.
526 2186 804 2245 Abrupolim,
824 2183 994 2246 socium
1026 2202 1144 2247 atque
1178 2189 1360 2233 amicum

69 2258 227 2316 populi
242 2258 449 2315 Romani,
478 2275 598 2319 regno
626 2260 830 2323 expulisti.
852 2263 1039 2306 Artetari
1066 2260 1360 2319 interfeelores,

79 2344 129 2374 ut
147 2332 248 2375 caede
280 2328 360 2392 (ne
385 2333 489 2391 quid
515 2336 625 2377 ultra
648 2332 817 2395 dicam)
847 2338 1029 2380 laetatum
1053 2351 1285 2394 appareret,
1304 2354 1363 2380 re·-

79 2403 233 2466 cepssi,
253 2407 324 2462 qui
348 2407 533 2449 omnium
552 2408 793 2464 Iliyriorum
804 2407 1044 2467 fidiffimum
1067 2411 1261 2453 Romano
1281 2426 1363 2453 no·-

79 2478 187 2521 mini
208 2480 389 2538 regulum
405 2479 652 2524 occiderant.
683 2478 768 2523 Per
787 2476 1036 2541 Theffizliam
1060 2477 1101 2525 δ’
1116 2482 1363 2542 2Maliensem
