1673 3052
270 189 352 238 ΙΝ
394 190 565 238 LOC.
604 191 747 240 LIB..
783 192 968 240 XLIX
1016 194 1166 243 LIV.v
1304 211 1397 259 341

106 297 297 351 quitantes
311 329 323 348 ,
345 296 605 339 multitudinis
633 299 799 351 speciem
822 299 971 351 Poenis,
990 302 1026 341 ἃ
1044 309 1226 355 tanquam
1249 303 1402 357 aggres-

103 360 181 400 suri
203 367 351 401 metum
375 361 559 403 facerent.
584 360 662 401 hoc
690 372 916 402 commento
942 365 1170 415 perturbatis
1195 365 1366 408 hostibus
1380 376 1401 417 ,'

106 424 143 462 ὁὶ
178 422 219 462 in
251 422 444 475 oppidum
476 422 784 476 refugientibus,
817 423 1015 468 castellum
1039 426 1212 479 periculo
1246 427 1399 469 libera-

101 493 187 525 tum
212 485 277 526 est.

159 548 304 590 XLIX.
321 546 481 597 Consul,
503 559 593 588 cum
611 547 703 587 hinc
723 549 988 601 frequentibus
1006 550 1213 592 Poenorum
1229 553 1402 605 eruptio-

102 610 243 660 nibus,
262 612 354 652 inde
379 610 532 651 incursu
562 610 813 654 Hasdrubalis
840 616 955 655 noete
977 614 1114 665 dieque
1143 615 1394 667 fatigaretur,

98 673 142 714 in
158 673 267 713 hunc
282 681 503 725 convertere
525 672 717 724 impetum
734 675 883 726 statuit3
915 689 962 716 eo
984 677 1134 717 devicto
1149 708 1160 726 ‚
1186 687 1311 717 cetera
1324 678 1395 718 fibi

102 738 153 778 ad
177 737 380 778 vistoriam
409 735 599 787 proclivia
625 737 710 776 fore
741 738 954 779 arbitratus.
1001 739 1195 791 Nepheris
1221 750 1304 780 erat
1330 754 1395 781 ca-.-

103 800 269 850 fielium,
292 800 361 840 fitu
381 801 416 840 ἃ
440 813 557 851 opere
579 802 864 852 permunitum-,
886 803 935 844 ad
961 804 1065 854 quod
1093 805 1209 844 castra
1225 804 1394 846 habebat

101 863 332 906 Hasdrubal.
359 861 598 902 diffuadebat
622 863 909 914 expeditionem
931 866 1083 917 Scipio,
1108 868 1212 918 quod
1231 881 1299 918 per
1320 869 1397 908 ini·-

100 940 221 977 quum
246 926 402 974 saltum,
430 924 688 977 superioribus
714 926 761 966 ab
788 926 897 967 hoste
920 927 1018 967 locis
1047 929 1279 979 occupatis,
1299 942 1392 970 eun-

99 991 195 1030 dum
226 989 328 1028 effet.
359 1000 493 1027 verum
518 988 639 1027 vietus
664 989 809 1030 diversa
838 1003 906 1041 per
935 991 1121 1032 invidiam
1146 992 1392 1034 suadentium

99 1052 290 1101 confiliis,
319 1051 400 1103 ipse
425 1064 582 1103 quoque
612 1052 688 1092 iter
710 1053 762 1092 est
789 1054 990 1105 ingressus,
1022 1057 1149 1096 minus
1174 1057 1254 1106 jam
1280 1057 1393 1107 pasii-

99 1118 172 1158 bus
186 1115 480 1168 quadringentis
500 1115 550 1155 ab
576 1115 684 1156 hoste
707 1117 890 1167 aberant,
915 1131 1003 1158 cum
1020 1121 1142 1159 amnis
1166 1120 1203 1159 se
1222 1120 1390 1172 objecit,

96 1179 164 1230 qui
190 1177 308 1218 castra
330 1176 582 1218 Hasdrubalis
604 1179 826 1228 petentibus
854 1180 1107 1221 transeundus
1134 1190 1226 1222 erat.

150 1249 193 1291 L.
223 1248 285 1288 lbi
314 1260 404 1288 cum
426 1260 565 1299 agmen
587 1247 794 1287 necessario
816 1250 1060 1299 constitisset,
1085 1253 1226 1293 iterum
1252 1255 1391 1295 institit

96 1312 250 1363 Scipio,
269 1319 313 1351 ut
341 1318 638 1359 reverterentur,
669 1310 746 1349 alia
771 1313 946 1365 occasione
974 1315 1124 1369 aliisque
1154 1319 1289 1356 artibus
1319 1321 1387 1357 ad-

93 1379 216 1430 versus
231 1375 493 1429 Hasdrubalem
507 1388 595 1426 opus
617 1373 679 1426 eſj}
693 1404 704 1422 ,
723 1374 913 1416 dictitans.
938 1377 1090 1430 reliquis
1112 1389 1241 1420 autem
1265 1382 1385 1421 tribu-

94 1437 156 1476 nis
183 1448 326 1486 magno
351 1433 478 1473 studio
504 1432 832 1484 repugnantibus,
856 1436 1119 1488 timiditatique
1148 1455 1215 1479 rem
1236 1440 1384 1491 similla.

98 1514 186 1548 rem,
201 1514 304 1552 quam
329 1498 494 1550 consilia,
511 1495 675 1549 ficturam
697 1496 941 1548 dicentibus,
960 1501 999 1550 si
1014 1502 1186 1554 conspeelo
1217 1504 1304 1557 hoste
1329 1519 1381 1542 re-

95 1565 324 1610 trocederem,
348 1561 452 1611 idque
477 1572 540 1597 nec
566 1559 704 1610 impune
715 1557 904 1610 fizc‘luros,
925 1560 989 1599 illo
1009 1574 1104 1616 terga
1130 1576 1299 1617 tanquam
1316 1566 1382 1617 fic.

93 1625 264 1682 gientium
292 1622 486 1664 contemtim
514 1620 706 1673 invasum:
738 1621 878 1660 iterum
913 1623 1047 1673 petiit,
1068 1637 1108 1663 ut
1121 1626 1251 1679 fizltem
1273 1630 1384 1681 castra

93 1689 183 1730 citra
207 1700 341 1725 amnem
361 1694 551 1737 ponerent,
574 1696 642 1734 quo
659 1681 941 1734 fipellerentur,
963 1686 1067 1736 quod
1088 1688 1249 1728 omnino
1270 1689 1382 1729 futu-

96 1764 182 1792 rum
204 1747 441 1795 affirmabat,
454 1756 609 1798 receptus
634 1756 746 1782 tamen
764 1744 920 1797 effit'‚fic
933 1748 1068 1799 quidem
1084 1764 1148 1788 nec
1160 1749 1258 1803 fhgae
1270 1752 1382 1791 locum

93 1812 280 1853 habituris.
310 1811 360 1850 At
388 1807 445 1847 illi
470 1805 570 1845 hanc
598 1818 752 1857 quoque
773 1806 1002 1849 sententiam
1028 1810 1249 1852 irridebant.
1289 1813 1382 1854 fuit-

93 1887 168 1926 que
181 1905 192 1922 ,
211 1873 278 1923 qui
295 1871 519 1919 minaretur,
541 1868 747 1923 abjeHurum
766 1871 1039 1925 seglaedium‚st
1057 1876 1192 1928 quidem
1213 1893 1283 1917 non
1298 1893 1384 1918 con-

81 1935 158 1991 suli
173 1933 349 1982 Manilio,
358 1933 425 1986 fid
437 1932 575 1970 tribuno
592 1932 774 1982 Scipioni,
787 1936 978 1984 parendum
993 1936 1083 1989 fft.
1102 1938 1286 1979 Manilius
1305 1941 1376 1992 igi-

91 2004 179 2046 tur,
195 1996 250 2036 vir
277 2007 349 2034 nec
374 1986 466 2034 alias
485 1992 614 2033 multae
643 1994 681 2031 in
702 1992 807 2033 bello
835 1997 1103 2048 experientiae‚
1128 2001 1377 2043 confirmatus

88 2056 258 2109 plurium
291 2055 512 2104 sententiis,
547 2055 782 2096 transcendit
816 2057 972 2099 flumen.
1013 2060 1084 2101 Cui
1117 2075 1205 2102 cum
1234 2077 1376 2103 occur-

87 2119 190 2159 riffet
225 2117 467 2168 Hasdrubal,
493 2131 632 2170 magna
668 2119 845 2169 utrinque
877 2122 1000 2161 caedes
1023 2124 1121 2164 frusta
1147 2126 1221 2173 est,
1250 2128 1377 2167 donec

88 2180 306 2223 Hasdrubal
329 2181 461 2220 omiffa
484 2194 612 2232 pugna
633 2181 671 2219 in
697 2181 892 2223 castellum
918 2182 955 2223 se
973 2187 1132 2237 recepit,
1149 2188 1224 2227 ubi·
1245 2203 1293 2230 ex
1314 2198 1377 2230 tu-

85 2251 128 2284 to
153 2252 306 2295 teinpus
331 2243 555 2282 observabat
576 2243 760 2283 turbandi
787 2247 1056 2296 regredientes.

140 2305 202 2346 LI.
230 2305 421 2353 Romani,
446 2317 540 2355 quos
565 2303 641 2355 jam
665 2305 809 2344 confilii
833 2306 887 2346 sui
911 2308 1084 2359 pigebat,
1105 2311 1230 2349 donec
1252 2312 1372 2362 impe-

88 2368 305 2408 dimentum
334 2367 459 2407 itineri
483 2366 634 2407 nullum
662 2371 853 2419 occurrit,
885 2370 1035 2413 servatis
1069 2374 1266 2413 ordinibus
1301 2375 1378 2414 disss

133 2476 157 2517 ς
181 2476 330 2508 XLVIII.
356 2475 434 2509 Liv.
458 2477 548 2519 Epir.
568 2477 714 2520 Appiam.
734 2478 856 2512 Zonar.
871 2492 900 2512 c.
920 2491 974 2520 49.
999 2481 1020 2524 §
1039 2480 1159 2515 XLIX.
1176 2481 1250 2516 Liv.
1271 2483 1365 2527 Epir.
1386 2482 1390 2485 i

85 2521 231 2566 Appiam
258 2523 280 2567 §
307 2521 344 2556 L.
364 2521 439 2557 Liv.
466 2522 554 2566 [pit.
580 2522 702 2557 Zonar.
726 2523 872 2568 Appian.
895 2537 924 2558 c.
942 2537 996 2567 4¹·

1013 2581 1094 2644 Y3
