1673 3052
1289 122 1387 165 ’Nx-

257 217 349 264 290
389 202 481 251 ro,
515 178 1057 248 FR‘EtNSHEMH
1103 201 1484 249 SUPPLEM.

251 312 408 364 reciperet
431 310 568 364 exfitles
586 323 763 362 unquam,
792 320 854 348 aut
877 310 979 348 etiam
1002 311 1045 349 de
1063 310 1274 364 recipiendis
1298 311 1403 350 verba
1421 308 1505 360 fleri
1529 321 1555 346 a

253 386 427 426 qllvquam
456 383 641 425 paslrelllr.

314 432 378 471 lv.
405 432 530 481 Atque
558 430 595 469 hi
626 430 806 481 quidem,
835 430 883 469 ad
911 430 1145 471 Masinissam
1179 439 1408 484 pergentes,
1441 429 1554 470 illum

255 494 305 534 ad
331 492 478 533 bellum
504 494 632 544 patriae
660 493 733 533 suae
755 493 1002 533 inferendum
1028 494 1289 534 stimulabant.
1322 495 1458 545 Neque
1482 493 1556 532 mi-

255 570 367 596 nores
393 557 465 596 iras
492 557 739 606 excitabant,
770 557 900 597 reversi
931 557 1124 607 Romam,
1155 557 1297 610 legati·,
1331 567 1557 607 certumque

255 622 336 671 jam
363 619 595 669 habebatur,
622 620 867 659 insolentiam
895 620 1214 675 Carthaginiensis
1237 621 1372 673 populi
1395 620 1558 660 severio-

254 683 359 722 ribus
383 682 496 722 minis
522 683 673 721 retundi
700 690 890 733 oportere.
920 696 996 734 quo
1023 683 1151 722 minus
1177 682 1326 723 bellum
1347 683 1470 723 statim
1497 683 1558 732 ju-

257 747 436 794 beretur,
455 745 554 785 nihil
580 754 655 785 tani
682 745 884 795 obstitisse,
900 756 1014 797 atque
1038 746 1256 787 Celtiberiae
1281 755 1434 795 motus,
1450 746 1558 785 credi

257 810 406 862 potest,
434 810 500 860 qui
536 818 620 847 tum
652 808 832 849 maximis
874 820 965 848 cum
1001 809 1213 848 terroribus
1250 807 1559 849 effervescebant,

257 873 362 914 Nam
393 872 433 911 in
463 871 587 912 Gallia
615 871 802 923 prospera:
827 885 886 911 res
907 882 1035 920 erant3
1069 874 1129 920 ὃς,
1159 887 1200 912 ea
1231 874 1266 910 in
1283 872 1472 925 provincia
1495 871 1560 909 hoc

258 952 353 976 anno
385 938 465 975 bene
486 949 705 989 pugnatum,
731 937 900 976 tradunt.
941 936 989 975 At
1016 934 1073 975 M.
1100 935 1290 976 Marcello
1317 933 1490 983 consuli,
1520 935 1558 973 δε

260 998 318 1040 M.
348 996 465 1036 Atilio
488 996 662 1046 praetori,
689 1007 853 1046 quorum
883 990 947 1034 ille
974 995 1193 1034 citeriorem
1219 994 1471 1046 Hispaniam,
1492 992 1558 1031 hic

259 1059 482 1100 ulteriorem
508 1058 732 1107 obtinebat,
750 1069 794 1098 ut
817 1059 866 1098 ad
893 1068 1109 1098 extremum
1135 1058 1227 1098 felix
1252 1058 1450 1109 expeditio
1465 1088 1476 1106 ‚
1500 1057 1554 1097 ita

261 1121 394 1161 multis
411 1122 574 1161 emenda
591 1120 770 1172 periculis
785 1153 796 1170 ‚
810 1120 894 1160 fuit.
923 1121 1009 1169 Jam
1022 1121 1189 1171 primum
1207 1119 1395 1160 Max-cello
1410 1151 1421 1168 ‚
1445 1120 1560 1160 adve-

261 1184 383 1224 nienti
412 1196 503 1223 cum
534 1182 750 1235 legionibus
785 1182 959 1231 duabus,
986 1183 1025 1220 in
1051 1182 1188 1233 quibus
1219 1193 1405 1236 quaterna
1435 1181 1558 1221 millia

263 1245 465 1297 peditum,
493 1245 640 1294 equites
672 1244 815 1283 duceni
849 1243 1108 1293 quinquageni
1139 1243 1272 1290 fuere,
1298 1242 1443 1282 strut‘tae
1468 1242 1558 1288 sunt

265 1308 313 1348 ab
336 1307 512 1358 Hispanis
529 1308 692 1357 infidiae3
711 1307 848 1358 quibus
866 1306 929 1345 ille
952 1306 1140 1358 sapienter
1156 1308 1304 1346 evitatis
1316 1337 1327 1356 ,
1345 1307 1394 1346 ad
1409 1307 1558 1357 Ocilin‚

265 1385 348 1422 quae
367 1383 489 1420 nuper
514 1370 561 1409 ab
586 1371 772 1409 Romanis
801 1369 1021 1418 defecerat,
1044 1369 1258 1420 penetravit
1283 1384 1292 1409 ε
1333 1358 1449 1420 quarn
1475 1368 1558 1420 ipso

264 1435 450 1473 adventus
472 1433 525 1473 sui
548 1442 691 1473 terrore
715 1432 928 1483 perculsam
952 1433 1154 1484 extemplo
1175 1432 1328 1484 accepit
1349 1434 1391 1472 in
1410 1433 1557 1482 fidem,

265 1496 487 1542 oblidibus,
518 1498 554 1536 <Sc
581 1496 728 1548 argenti
758 1494 910 1533 talentis
935 1495 1094 1546 triginta
1121 1494 1334 1546 imperatis.

326 1565 372 1605 V.
400 1564 639 1616 Asperiorem
665 1563 865 1603 adversum
892 1562 1102 1602 desertores
1124 1563 1295 1602 futuram
1319 1563 1563 1611 crediderant

267 1628 467 1669 vffloriam
490 1627 698 1668 Celtiberi:
732 1640 822 1678 ergo
855 1624 1100 1665 clementiam
1124 1625 1364 1676 imperatoris
1392 1625 1563 1666 Romani

268 1693 457 1732 admirata
481 1690 767 1742 Nergobrigum
788 1689 920 1728 civitas
943 1688 1039 1727 misit
1065 1688 1309 1739 quaefituros,
1330 1703 1396 1741 quo
1416 1689 1509 1740 fidei
1528 1690 1564 1729 6·

267 1755 420 1808 obsequii
438 1755 584 1809 pignore
607 1755 644 1791 in
669 1753 823 1807 gratiam
848 1752 951 1804 recipi
974 1750 1094 1804 poffirt,
1128 1750 1242 1790 Petiit
1267 1749 1400 1790 consul
1415 1750 1561 1801 equites

269 1817 468 1856 auxiliares
492 1824 673 1855 centum:
707 1815 742 1854 ἃ
769 1823 930 1864 accepta
957 1813 1008 1852 est
1035 1813 1224 1854 conditio.
1266 1814 1409 1852 Verum
1437 1813 1563 1852 donec

269 1877 387 1929 legati
410 1877 697 1929 Nergobrigum
723 1877 831 1927 pacis
857 1875 937 1915 vias
965 1874 1141 1926 legesque
1167 1888 1257 1914 cum
1286 1875 1462 1915 Romano
1487 1883 1562 1915 tra-

272 1943 401 1988 ctant3
428 1939 500 1979 alia
526 1953 681 1988 manus,
704 1947 851 1989 partem
871 1938 1061 1977 exercitus
1086 1939 1160 1977 iter
1177 1937 1382 1977 facientem
1404 1937 1565 1985 adorta,

270 2000 441 2040 turbavit
462 2001 670 2050 postremos
684 2032 695 2050 ,
715 2000 1160 2051 impedimentorumque
1185 1997 1362 2037 nonnihil
1384 1998 1565 2049 abripuit.

273 2062 485 2103 Redierunt
527 2062 780 2102 nihilominus
816 2075 905 2100 cum
944 2059 1133 2111 prornissis
1169 2060 1362 2110 equitibus
1403 2059 1517 2111 legati
1551 2073 1564 2100 ε

272 2124 501 2174 veniamque
523 2123 651 2163 delicti
676 2132 873 2174 petentes,
896 2122 1130 2162 excusabant
1153 2124 1198 2160 ab
1226 2124 1362 2175 ignaris
1386 2124 1481 2162 initae
1497 2137 1565 2176 pa-

271 2187 399 2225 aionis
425 2184 640 2237 commiffimz.
671 2187 717 2225 At
739 2184 949 2225 Marcellus
978 2185 1124 2234 equites
1154 2184 1192 2222 in
1218 2183 1371 2224 vincula
1398 2183 1564 2233 conjici,

275 2261 395 2298 equos
424 2248 552 2287 vendi
571 2248 702 2297 jussit:
738 2250 774 2288 δε
810 2261 900 2287 mox
932 2247 1080 2286 vastatis
1113 2246 1399 2298 Nergobrigum
1432 2246 1531 2296 agris
1552 2275 1564 2294 ,

278 2311 480 2361 praedaque
505 2310 688 2350 militibus
704 2310 845 2360 divisa⁷
867 2310 1057 2361 oppidum
1084 2309 1282 2348 obsidione
1307 2308 1434 2347 cinxit.
1466 2308 1566 2347 Con-

277 2372 410 2423 spicati
445 2372 661 2424 periculum
694 2373 818 2412 hostes
855 2373 977 2427 (strui
1007 2372 1110 2411 enim
1143 2370 1351 2412 Marcellus
1382 2382 1566 2421 aggeres,

312 2493 404 2537 5111.
420 2492 565 2537 Appian.
578 2492 728 2538 Punic.§
746 2493 805 2529 1V.
822 2491 890 2526 Jul.
906 2490 1031 2535 Obseq.
1050 2502 1078 2524 c.
1093 2501 1146 2533 77.
1162 2490 1303 2534 Eutrop.
1323 2489 1469 2534 Appian.
1483 2487 1568 2522 Hist.
