1673 3052
287 175 385 220 444
454 161 548 208 Jo.
593 159 1482 211 FRE1NSHEM1ISUPPLEM.

285 266 482 306 mitterent:
504 279 632 306 emere
656 267 757 306 enim
787 265 968 316 nolebat,
994 281 1043 306 ne
1067 269 1176 318 quis,
1193 269 1341 313 domini
1368 269 1576 322 disciplina

285 341 366 367 non
388 328 602 377 institutus,
626 328 774 380 aliquid
795 330 1058 369 committeret
1072 360 1083 378 ,
1101 331 1207 381 quod
1224 332 1272 371 ad
1293 332 1375 372 heri
1391 333 1577 384 probrum

283 389 410 440 posset
427 389 505 430 ullo
527 393 642 442 pasto
668 392 874 442 pertinere.
899 391 1103 442 Postquam
1128 392 1400 433 Alexandriam
1417 407 1578 445 perven-

284 462 392 502 tum,
416 456 451 494 &
476 466 523 493 ex
541 454 629 493 navi
648 453 832 504 digressus
857 453 989 504 Scipio
1015 462 1132 505 caput
1154 455 1272 506 pallio
1296 457 1478 510 tegebat:
1505 457 1577 510 cir-

284 515 462 555 cumfusa
486 515 697 555 multitudo
725 514 1071 555 Alexandrinorum
1100 518 1272 568 rogavit,
1296 530 1338 557 ut
1359 520 1580 574 conspicien-

284 579 368 615 dum
383 577 595 630 sepraeberet
618 578 840 616 hominibus:
869 578 1179 629 impetratoque,
1202 579 1403 631 ingentem
1430 581 1578 620 clamo-

282 651 366 678 rem
392 648 507 690 atque
526 638 701 690 plausum
719 653 795 690 prae
819 638 952 679 lentitia
974 640 1109 680 edidit.
1288 653 1291 655 ·

340 709 433 750 XX.
464 709 569 757 Rex,
590 721 679 748 cum
714 709 762 748 ad
796 709 1045 759 excipiendos
1078 708 1402 762 honorandosque
1427 709 1575 763 legatos

283 768 382 807 nihil
403 769 517 808 studii
538 770 869 819 praetermitteret,
886 783 1063 821 magnam
1080 771 1276 822 impendit
1290 779 1498 820 euram,ut
1511 784 1578 810 ex-

285 831 427 882 quifitis
452 831 575 883 epulis
603 834 897 883 acciperentur,
927 834 962 872 &
988 833 1179 884 quidquid
1209 824 1256 873 in*
1276 834 1379 885 regia
1404 832 1485 872 visu
1513 832 1578 872 di·-

284 906 403 944 gnum
423 925 434 941 ‚
459 893 700 944 artificioque
728 904 796 933 aut
822 893 1024 945 opulentia
1053 895 1236 935 eximium
1268 895 1383 943 esset,
1410 895 1580 946 inspice-

284 968 383 994 rent.
407 955 633 1007 Ipse'etiam
656 969 746 995 cum
767 957 812 996 iis
831 958 1084 1008 circumibat,
1106 959 1312 1000 ostendens
1336 959 1502 1011 singula,
1518 960 1575 998 vir

288 1019 472 1058 deformis
489 1018 623 1058 habitu
637 1050 649 1068 ,
671 1017 879 1070 vultuque,
904 1022 939 1060 Sc
961 1020 1062 1060 obesi
1078 1021 1221 1061 ventris
1245 1021 1481 1072 prominenti
1499 1034 1581 1060 mo-

281 1082 344 1131 le,
364 1081 526 1131 belluae,
554 1094 668 1132 quam
692 1081 865 1131 homini,
891 1081 1071 1125 similior:
1093 1083 1197 1137 unde
1223 1084 1427 1136 Physcom's
1453 1083 1489 1122 ei
1515 1094 1581 1121 co-

284 1159 455 1197 gnomen
470 1145 694 1196 impolitum
710 1145 846 1184 fuerat.
876 1145 938 1185 Ob
956 1158 1038 1184 eam
1058 1146 1230 1196 corporis
1247 1145 1470 1196 gravitatem
1490 1158 1580 1186 cum

282 1207 490 1247 vacillante
517 1206 638 1258 gressu
665 1206 867 1246 Romanos·
889 1206 1188 1246 obambulantes
1211 1219 1310 1257 aegre
1330 1206 1581 1257 consequere-

284 1277 371 1319 tur,
398 1267 583 1308 ridiculus
610 1268 655 1307 iis
687 1268 739 1307 est
766 1267 864 1307 visus
881 1299 891 1316 ‚
924 1269 1165 1318 Panaetioque
1191 1268 1231 1306 in
1255 1280 1386 1307 aurem
1410 1267 1581 1307 insusur-

282 1334 380 1372 ravit
405 1333 565 1383 Scipio,
590 1331 670 1386 jam
703 1345 775 1370 tum
801 1333 950 1384 aliquem
978 1334 1154 1370 adventus
1181 1333 1284 1386 nostri
1304 1332 1456 1384 ftutlum
1486 1347 1581 1385 cepe-

283 1410 364 1437 runt
394 1397 642 1436 Alexandrini
654 1394 792 1443 ,·n0bis
816 1396 904 1433 enim
927 1395 1071 1445 debent,
1097 1396 1191 1448 quod
1211 1409 1319 1448 regem
1338 1396 1444 1449 suum
1459 1396 1580 1433 ambu-

286 1463 417 1501 lantem
442 1463 569 1499 videre.

340 1525 453 1565 XXI.
474 1524 655 1564 Ceterum
678 1497 904 1569 contemtis,
925 1535 1008 1571 quae
1033 1522 1200 1561 maxima
1217 1521 1383 1572 AEgypto
1402 1519 1581 1560 videban-

290 1594 374 1634 tur
396 1585 495 1637 gulae
524 1594 637 1635 atque
653 1583 801 1624 oculor·
796 1597 858 1622 im
887 1582 1057 1632 deliciis,
1079 1583 1128 1623 ad
1154 1595 1221 1630 ea,
1241 1595 1323 1632 quae
1347 1595 1434 1622 vere
1465 1582 1581 1632 digna

287 1650 461 1701 spectatu
489 1655 623 1696 erant,
649 1647 925 1686 consideranda
960 1645 1065 1685 haud
1093 1645 1394 1697 perfundtoriam
1422 1658 1581 1696 operam

288 1711 513 1752 contulere:
542 1710 688 1760 fituque
711 1712 745 1749 ἃ
764 1709 1035 1759 magnitudine
1058 1709 1184 1757 urbis,
1209 1710 1244 1748 &
1261 1721 1344 1758 quae
1368 1708 1468 1747 circa
1488 1706 1584 1747 Pha-

290 1788 375 1813 rum
400 1774 625 1812 admiranda
653 1779 787 1819 erant,
806 1771 1062 1822 perlustratis,
1087 1770 1293 1822 Memphin
1315 1770 1471 1810 adverso
1487 1770 1579 1811 Nilo

287 1836 410 1883 vetsti,
444 1834 657 1874 bonitatem
691 1834 794 1884 agri,
823 1833 1031 1872 commoda
1064 1832 1253 1880 fluminis,
1286 1831 1601 1878 multitudinem

288 1899 472 1947 urbium,
500 1898 759 1949 frequentiam
790 1896 1111 1936 innumerabilem
1137 1895 1302 1947 populi,
1334 1897 1578 1936 munimenta

290 1960 458 2011 regionis
475 1990 486 2008 ,
512 1960 632 1998 totius
664 1959 830 2009 denique
867 1960 971 2009 regni
997 1957 1267 1997 excellentiam
1295 1966 1440 1997 tantam
1466 1971 1581 2007 repe-

289 2032 442 2070 rerunt,
466 2030 508 2061 ut
532 2022 689 2061 minime
714 2022 936 2060 dubitarent
946 2021 1185 2070 ‚cujuslibet
1207 2021 1481 2072 magnitudinis
1508 2022 1579 2060 im-

289 2087 397 2137 perio
423 2085 552 2125 sedem
576 2098 662 2151 eam
685 2085 869 2124 idoneam
891 2084 964 2124 effe
984 2083 1172 2135 potuisse,
1195 2083 1220 2122 si
1238 2084 1377 2134 dignos
1398 2083 1436 2122 se
1458 2085 1583 2123 redto-

288 2162 348 2188 ies
369 2147 578 2187 inveniffet.

359 2211 491 2254 XXII.
533 2212 590 2252 Ex
618 2211 822 2262 AEgypto
811 2224 851 2249 1n
880 2211 1075 2262 Cyprum,
1102 2210 1244 2250 deinde
1272 2223 1340 2262 per
1367 2209 1513 2262 Syriam
1542 2211 1580 2249 &

341 2343 362 2384 5
393 2343 487 2376 XIX.
511 2343 683 2377 Plutarch.
708 2345 760 2388 Ap
766 2356 808 2388 op
812 2344 847 2376 h.
876 2343 975 2377 Rom.
1000 2355 1054 2387 24.
1080 2343 1206 2385 Vellei.
1233 2355 1274 2384 1,
1304 2352 1356 2386 13.
1381 2342 1508 2375 Austor
1537 2343 1582 2376 de

292 2385 367 2418 Vir.
387 2387 434 2420 ill
451 2400 478 2421 c.
498 2388 550 2429 58.
575 2357 808 2422 Athena-usis)
821 2389 851 2421 6.
874 2389 993 2421 Justin.
1022 2389 1042 2419 G
1063 2391 1136 2422 XX.
1163 2388 1306 2420 Diodor.
1326 2399 1378 2430 ap.
1395 2387 1494 2419 Fnlv.
1516 2387 1581 2418 Ur«—

293 2431 494 2512 ἓξῖῖῌῐέζιίξιη.
515 2433 751 2468 Posidonius.²
735 2447 789 2478 a.p
812 2435 1058 2470 Athenaemnl.
1080 2445 1132 2470 12.
1155 2433 1299 2468 Diodor.
1318 2444 1373 2477 ap
1393 2430 1580 2467 Valefium,
