<?xml version="1.0" encoding="UTF-8"?>
<!DOCTYPE html PUBLIC "-//W3C//DTD XHTML 1.0 Transitional//EN"
    "http://www.w3.org/TR/xhtml1/DTD/xhtml1-transitional.dtd">
<html xmlns="http://www.w3.org/1999/xhtml" xml:lang="en" lang="en">
 <head>
  <title>
</title>
<meta http-equiv="Content-Type" content="text/html;charset=utf-8" />
  <meta name='ocr-system' content='tesseract 3.04.00' />
  <meta name='ocr-capabilities' content='ocr_page ocr_carea ocr_par ocr_line ocrx_word'/>
</head>
<body>
  <div class='ocr_page' id='page_1' title='image "./historiarumlibri07livyuoft_0111.png"; bbox 0 0 1673 3052; ppageno 0'>
   <div class='ocr_carea' id='block_1_1' title="bbox 303 193 1389 254">
    <p class='ocr_par' dir='ltr' id='par_1_1' title="bbox 303 193 1389 254">
     <span class='ocr_line' id='line_1_1' title="bbox 303 193 1389 254; baseline -0.006 -11"><span class='ocrx_word' id='word_1_1' title='bbox 303 194 856 243; x_wconf 78' lang='lat' dir='ltr'>HISTORIARUM</span> <span class='ocrx_word' id='word_1_2' title='bbox 891 195 1019 239; x_wconf 88' lang='lat' dir='ltr'>LIB.</span> <span class='ocrx_word' id='word_1_3' title='bbox 1055 193 1216 240; x_wconf 90' lang='lat' dir='ltr'>XLIII</span> <span class='ocrx_word' id='word_1_4' title='bbox 1307 207 1389 254; x_wconf 81' lang='lat'>¹03</span> 
     </span>
    </p>
   </div>
   <div class='ocr_carea' id='block_1_2' title="bbox 106 298 1406 2488">
    <p class='ocr_par' dir='ltr' id='par_1_2' title="bbox 108 298 1399 792">
     <span class='ocr_line' id='line_1_2' title="bbox 111 298 1399 372; baseline -0.009 -15"><span class='ocrx_word' id='word_1_5' title='bbox 111 308 306 356; x_wconf 86' lang='lat' dir='ltr'>hebant:</span> <span class='ocrx_word' id='word_1_6' title='bbox 339 323 441 371; x_wconf 86' lang='lat' dir='ltr'>pars</span> <span class='ocrx_word' id='word_1_7' title='bbox 473 304 710 372; x_wconf 51' lang='lat' dir='ltr'>regusare,</span> <span class='ocrx_word' id='word_1_8' title='bbox 742 320 826 362; x_wconf 88' lang='lat' dir='ltr'>ne,</span> <span class='ocrx_word' id='word_1_9' title='bbox 860 301 988 366; x_wconf 81' lang='lat' dir='ltr'>quod</span> <span class='ocrx_word' id='word_1_10' title='bbox 1013 300 1136 347; x_wconf 86' lang='lat' dir='ltr'>bello</span> <span class='ocrx_word' id='word_1_11' title='bbox 1172 298 1311 361; x_wconf 85' lang='lat' dir='ltr'>captis</span> <span class='ocrx_word' id='word_1_12' title='bbox 1350 298 1399 345; x_wconf 69' lang='grc' dir='ltr'>δε</span> 
     </span>
     <span class='ocr_line' id='line_1_3' title="bbox 108 371 1399 440; baseline -0.011 -10"><span class='ocrx_word' id='word_1_13' title='bbox 108 381 309 430; x_wconf 87' lang='lat' dir='ltr'>hostibus</span> <span class='ocrx_word' id='word_1_14' title='bbox 343 397 444 428; x_wconf 88' lang='lat' dir='ltr'>mos</span> <span class='ocrx_word' id='word_1_15' title='bbox 478 376 616 438; x_wconf 80' lang='lat' dir='ltr'>effet,</span> <span class='ocrx_word' id='word_1_16' title='bbox 650 378 697 425; x_wconf 91' lang='lat' dir='ltr'>id</span> <span class='ocrx_word' id='word_1_17' title='bbox 730 389 897 440; x_wconf 81' lang='lat' dir='ltr'>pacatae</span> <span class='ocrx_word' id='word_1_18' title='bbox 934 376 983 422; x_wconf 65' lang='grc' dir='ltr'>ὅ(</span> <span class='ocrx_word' id='word_1_19' title='bbox 1022 373 1154 421; x_wconf 85' lang='lat' dir='ltr'>sociae</span> <span class='ocrx_word' id='word_1_20' title='bbox 1189 371 1399 419; x_wconf 81' lang='lat' dir='ltr'>civitates</span> 
     </span>
     <span class='ocr_line' id='line_1_4' title="bbox 109 444 1400 520; baseline -0.01 -17"><span class='ocrx_word' id='word_1_21' title='bbox 109 454 373 520; x_wconf 78' lang='lat' dir='ltr'>ignominiae</span> <span class='ocrx_word' id='word_1_22' title='bbox 402 453 672 517; x_wconf 77' lang='lat' dir='ltr'>acciperent.</span> <span class='ocrx_word' id='word_1_23' title='bbox 718 451 835 500; x_wconf 87' lang='lat' dir='ltr'>Justa</span> <span class='ocrx_word' id='word_1_24' title='bbox 871 449 1133 512; x_wconf 77' lang='lat' dir='ltr'>deprecatio</span> <span class='ocrx_word' id='word_1_25' title='bbox 1166 448 1259 494; x_wconf 75' lang='lat' dir='ltr'>haec</span> <span class='ocrx_word' id='word_1_26' title='bbox 1291 444 1400 494; x_wconf 67' lang='lat' dir='ltr'>x-isa.</span> 
     </span>
     <span class='ocr_line' id='line_1_5' title="bbox 109 518 1397 587; baseline -0.01 -11"><span class='ocrx_word' id='word_1_27' title='bbox 109 529 320 576; x_wconf 84' lang='lat' dir='ltr'>Lariffam</span> <span class='ocrx_word' id='word_1_28' title='bbox 348 527 404 575; x_wconf 91' lang='lat' dir='ltr'>ad</span> <span class='ocrx_word' id='word_1_29' title='bbox 436 526 679 574; x_wconf 89' lang='lat' dir='ltr'>Hostilium</span> <span class='ocrx_word' id='word_1_30' title='bbox 714 522 1036 587; x_wconf 81' lang='lat' dir='ltr'>proconsulem</span> <span class='ocrx_word' id='word_1_31' title='bbox 1071 521 1156 581; x_wconf 82' lang='lat' dir='ltr'>(ab</span> <span class='ocrx_word' id='word_1_32' title='bbox 1187 536 1242 565; x_wconf 83' lang='lat' dir='ltr'>co</span> <span class='ocrx_word' id='word_1_33' title='bbox 1276 518 1397 565; x_wconf 84' lang='lat' dir='ltr'>enim</span> 
     </span>
     <span class='ocr_line' id='line_1_6' title="bbox 109 592 1398 664; baseline -0.011 -14"><span class='ocrx_word' id='word_1_34' title='bbox 109 602 223 650; x_wconf 86' lang='lat' dir='ltr'>miffi</span> <span class='ocrx_word' id='word_1_35' title='bbox 245 604 399 663; x_wconf 82' lang='lat' dir='ltr'>erant)</span> <span class='ocrx_word' id='word_1_36' title='bbox 422 599 555 664; x_wconf 87' lang='lat' dir='ltr'>legati</span> <span class='ocrx_word' id='word_1_37' title='bbox 581 599 823 646; x_wconf 85' lang='lat' dir='ltr'>redierunt.</span> <span class='ocrx_word' id='word_1_38' title='bbox 857 595 1101 642; x_wconf 57' lang='lat' dir='ltr'>Odiavium</span> <span class='ocrx_word' id='word_1_39' title='bbox 1123 606 1187 639; x_wconf 77' lang='lat' dir='ltr'>ret</span> <span class='ocrx_word' id='word_1_40' title='bbox 1193 594 1267 639; x_wconf 83' lang='lat' dir='ltr'>im·</span> <span class='ocrx_word' id='word_1_41' title='bbox 1275 593 1307 637; x_wconf 82' lang='lat' dir='ltr'>it</span> <span class='ocrx_word' id='word_1_42' title='bbox 1331 592 1398 637; x_wconf 85' lang='lat' dir='ltr'>se-</span> 
     </span>
     <span class='ocr_line' id='line_1_7' title="bbox 111 663 1396 735; baseline -0.009 -15"><span class='ocrx_word' id='word_1_43' title='bbox 111 690 229 722; x_wconf 87' lang='lat' dir='ltr'>cum.</span> <span class='ocrx_word' id='word_1_44' title='bbox 265 670 509 735; x_wconf 82' lang='lat' dir='ltr'>Popillium</span> <span class='ocrx_word' id='word_1_45' title='bbox 539 687 640 717; x_wconf 87' lang='lat' dir='ltr'>cum</span> <span class='ocrx_word' id='word_1_46' title='bbox 673 668 795 716; x_wconf 85' lang='lat' dir='ltr'>mille</span> <span class='ocrx_word' id='word_1_47' title='bbox 825 667 965 714; x_wconf 84' lang='lat' dir='ltr'>ferme</span> <span class='ocrx_word' id='word_1_48' title='bbox 992 664 1252 713; x_wconf 71' lang='lat' dir='ltr'>militibus</span> <span class='ocrx_word' id='word_1_49' title='bbox 1244 683 1289 710; x_wconf 76' lang='lat' dir='ltr'>in</span> <span class='ocrx_word' id='word_1_50' title='bbox 1326 663 1396 709; x_wconf 85' lang='lat' dir='ltr'>hi-</span> 
     </span>
     <span class='ocr_line' id='line_1_8' title="bbox 110 740 708 792; baseline -0.009 0"><span class='ocrx_word' id='word_1_51' title='bbox 110 746 250 792; x_wconf 84' lang='lat' dir='ltr'>berna</span> <span class='ocrx_word' id='word_1_52' title='bbox 269 741 555 790; x_wconf 84' lang='lat' dir='ltr'>Ambraciam</span> <span class='ocrx_word' id='word_1_53' title='bbox 576 740 708 789; x_wconf 68' lang='lat' dir='ltr'>misit.</span> 
     </span>
    </p>

    <p class='ocr_par' dir='ltr' id='par_1_3' title="bbox 106 809 1406 2488">
     <span class='ocr_line' id='line_1_9' title="bbox 175 809 1396 877; baseline -0.007 -12"><span class='ocrx_word' id='word_1_54' title='bbox 175 819 338 865; x_wconf 90' lang='lat' dir='ltr'>XVIII.</span> <span class='ocrx_word' id='word_1_55' title='bbox 366 814 575 873; x_wconf 85' lang='lat' dir='ltr'>Perseus,</span> <span class='ocrx_word' id='word_1_56' title='bbox 608 813 837 877; x_wconf 87' lang='lat' dir='ltr'>principio</span> <span class='ocrx_word' id='word_1_57' title='bbox 873 810 1029 858; x_wconf 83' lang='lat' dir='ltr'>hiemis</span> <span class='ocrx_word' id='word_1_58' title='bbox 1060 809 1207 874; x_wconf 79' lang='lat' dir='ltr'>egredi</span> <span class='ocrx_word' id='word_1_59' title='bbox 1240 812 1396 857; x_wconf 77' lang='lat' dir='ltr'>Mace-⁵</span> 
     </span>
     <span class='ocr_line' id='line_1_10' title="bbox 111 885 1395 949; baseline -0.009 -10"><span class='ocrx_word' id='word_1_60' title='bbox 111 892 263 939; x_wconf 87' lang='lat' dir='ltr'>doniae</span> <span class='ocrx_word' id='word_1_61' title='bbox 291 889 456 937; x_wconf 88' lang='lat' dir='ltr'>finibus</span> <span class='ocrx_word' id='word_1_62' title='bbox 489 905 586 935; x_wconf 88' lang='lat' dir='ltr'>non</span> <span class='ocrx_word' id='word_1_63' title='bbox 617 888 772 945; x_wconf 78' lang='lat' dir='ltr'>ausus,</span> <span class='ocrx_word' id='word_1_64' title='bbox 808 903 862 933; x_wconf 86' lang='lat' dir='ltr'>ne</span> <span class='ocrx_word' id='word_1_65' title='bbox 894 903 983 949; x_wconf 83' lang='lat' dir='ltr'>qua</span> <span class='ocrx_word' id='word_1_66' title='bbox 1015 885 1061 931; x_wconf 86' lang='lat' dir='ltr'>in</span> <span class='ocrx_word' id='word_1_67' title='bbox 1092 901 1277 947; x_wconf 75' lang='lat' dir='ltr'>regnum</span> <span class='ocrx_word' id='word_1_68' title='bbox 1312 900 1395 930; x_wconf 80' lang='lat' dir='ltr'>va·-</span> 
     </span>
     <span class='ocr_line' id='line_1_11' title="bbox 111 959 1397 1025; baseline -0.009 -13"><span class='ocrx_word' id='word_1_69' title='bbox 111 981 247 1012; x_wconf 86' lang='lat' dir='ltr'>cuum</span> <span class='ocrx_word' id='word_1_70' title='bbox 278 962 580 1025; x_wconf 87' lang='lat' dir='ltr'>irrumperent</span> <span class='ocrx_word' id='word_1_71' title='bbox 615 959 841 1018; x_wconf 80' lang='lat' dir='ltr'>Romani,</span> <span class='ocrx_word' id='word_1_72' title='bbox 875 959 953 1005; x_wconf 80' lang='lat' dir='ltr'>sub</span> <span class='ocrx_word' id='word_1_73' title='bbox 985 971 1162 1021; x_wconf 82' lang='lat' dir='ltr'>tempus</span> <span class='ocrx_word' id='word_1_74' title='bbox 1192 959 1359 1003; x_wconf 76' lang='lat' dir='ltr'>brumae</span> <span class='ocrx_word' id='word_1_75' title='bbox 1382 991 1397 1013; x_wconf 77' lang='lat'><strong>‚</strong></span> 
     </span>
     <span class='ocr_line' id='line_1_12' title="bbox 109 1029 1396 1099; baseline -0.008 -16"><span class='ocrx_word' id='word_1_76' title='bbox 109 1053 215 1085; x_wconf 89' lang='lat' dir='ltr'>cum</span> <span class='ocrx_word' id='word_1_77' title='bbox 249 1034 623 1099; x_wconf 82' lang='lat' dir='ltr'>inexsuperabiles</span> <span class='ocrx_word' id='word_1_78' title='bbox 646 1034 700 1080; x_wconf 90' lang='lat' dir='ltr'>ab</span> <span class='ocrx_word' id='word_1_79' title='bbox 721 1032 943 1079; x_wconf 62' lang='lat' dir='ltr'>Thessalia</span> <span class='ocrx_word' id='word_1_80' title='bbox 968 1042 1146 1078; x_wconf 83' lang='lat' dir='ltr'>montes</span> <span class='ocrx_word' id='word_1_81' title='bbox 1180 1030 1300 1076; x_wconf 67' lang='lat' dir='ltr'>nivis</span> <span class='ocrx_word' id='word_1_82' title='bbox 1329 1029 1396 1074; x_wconf 77' lang='lat' dir='ltr'>al—</span> 
     </span>
     <span class='ocr_line' id='line_1_13' title="bbox 109 1101 1398 1167; baseline -0.008 -11"><span class='ocrx_word' id='word_1_83' title='bbox 109 1109 261 1157; x_wconf 86' lang='lat' dir='ltr'>titudo</span> <span class='ocrx_word' id='word_1_84' title='bbox 290 1108 426 1167; x_wconf 85' lang='lat' dir='ltr'>facit,</span> <span class='ocrx_word' id='word_1_85' title='bbox 456 1106 739 1155; x_wconf 86' lang='lat' dir='ltr'>occafionem</span> <span class='ocrx_word' id='word_1_86' title='bbox 772 1105 855 1152; x_wconf 84' lang='lat' dir='ltr'>effe</span> <span class='ocrx_word' id='word_1_87' title='bbox 882 1116 1003 1151; x_wconf 86' lang='lat' dir='ltr'>ratus</span> <span class='ocrx_word' id='word_1_88' title='bbox 1026 1102 1260 1167; x_wconf 69' lang='lat' dir='ltr'>frangendi</span> <span class='ocrx_word' id='word_1_89' title='bbox 1293 1101 1398 1147; x_wconf 67' lang='lat' dir='ltr'>fini-</span> 
     </span>
     <span class='ocr_line' id='line_1_14' title="bbox 110 1175 1399 1244; baseline -0.006 -15"><span class='ocrx_word' id='word_1_90' title='bbox 110 1182 329 1229; x_wconf 85' lang='lat' dir='ltr'>timorum</span> <span class='ocrx_word' id='word_1_91' title='bbox 359 1179 456 1244; x_wconf 86' lang='lat' dir='ltr'>spes</span> <span class='ocrx_word' id='word_1_92' title='bbox 487 1179 782 1244; x_wconf 84' lang='lat' dir='ltr'>animosque,</span> <span class='ocrx_word' id='word_1_93' title='bbox 816 1195 873 1225; x_wconf 90' lang='lat' dir='ltr'>ne</span> <span class='ocrx_word' id='word_1_94' title='bbox 907 1178 1043 1241; x_wconf 87' lang='lat' dir='ltr'>quid,</span> <span class='ocrx_word' id='word_1_95' title='bbox 1082 1176 1240 1225; x_wconf 80' lang='lat' dir='ltr'>averso</span> <span class='ocrx_word' id='word_1_96' title='bbox 1276 1175 1316 1221; x_wconf 85' lang='lat' dir='ltr'>se</span> <span class='ocrx_word' id='word_1_97' title='bbox 1352 1175 1399 1221; x_wconf 85' lang='lat' dir='ltr'>in</span> 
     </span>
     <span class='ocr_line' id='line_1_15' title="bbox 109 1249 1399 1317; baseline -0.006 -14"><span class='ocrx_word' id='word_1_98' title='bbox 109 1257 369 1304; x_wconf 87' lang='lat' dir='ltr'>Romanum</span> <span class='ocrx_word' id='word_1_99' title='bbox 392 1253 590 1313; x_wconf 89' lang='lat' dir='ltr'>bellum,</span> <span class='ocrx_word' id='word_1_100' title='bbox 615 1251 808 1317; x_wconf 88' lang='lat' dir='ltr'>periculi</span> <span class='ocrx_word' id='word_1_101' title='bbox 836 1250 1047 1309; x_wconf 77' lang='lat' dir='ltr'>subesset,</span> <span class='ocrx_word' id='word_1_102' title='bbox 1081 1265 1182 1297; x_wconf 88' lang='lat' dir='ltr'>cum</span> <span class='ocrx_word' id='word_1_103' title='bbox 1209 1267 1231 1296; x_wconf 87' lang='lat' dir='ltr'>a</span> <span class='ocrx_word' id='word_1_104' title='bbox 1252 1249 1399 1296; x_wconf 79' lang='lat' dir='ltr'>Thra-</span> 
     </span>
     <span class='ocr_line' id='line_1_16' title="bbox 110 1322 1398 1393; baseline -0.009 -15"><span class='ocrx_word' id='word_1_105' title='bbox 110 1330 181 1379; x_wconf 86' lang='lat' dir='ltr'>cia</span> <span class='ocrx_word' id='word_1_106' title='bbox 204 1347 360 1393; x_wconf 87' lang='lat' dir='ltr'>pacem</span> <span class='ocrx_word' id='word_1_107' title='bbox 381 1329 560 1393; x_wconf 82' lang='lat' dir='ltr'>Cotys,</span> <span class='ocrx_word' id='word_1_108' title='bbox 581 1328 635 1374; x_wconf 89' lang='lat' dir='ltr'>ab</span> <span class='ocrx_word' id='word_1_109' title='bbox 655 1326 794 1389; x_wconf 81' lang='lat' dir='ltr'>Epiro</span> <span class='ocrx_word' id='word_1_110' title='bbox 812 1325 1037 1388; x_wconf 84' lang='lat' dir='ltr'>Cephalus</span> <span class='ocrx_word' id='word_1_111' title='bbox 1068 1323 1298 1387; x_wconf 80' lang='lat' dir='ltr'>repentina</span> <span class='ocrx_word' id='word_1_112' title='bbox 1320 1322 1398 1368; x_wconf 54' lang='lat' dir='ltr'>deu</span> 
     </span>
     <span class='ocr_line' id='line_1_17' title="bbox 111 1398 1399 1462; baseline -0.006 -14"><span class='ocrx_word' id='word_1_113' title='bbox 111 1401 310 1448; x_wconf 74' lang='lat' dir='ltr'>feffione</span> <span class='ocrx_word' id='word_1_114' title='bbox 345 1419 368 1447; x_wconf 87' lang='lat' dir='ltr'>a</span> <span class='ocrx_word' id='word_1_115' title='bbox 393 1399 611 1447; x_wconf 88' lang='lat' dir='ltr'>Romanis</span> <span class='ocrx_word' id='word_1_116' title='bbox 645 1398 927 1462; x_wconf 79' lang='lat' dir='ltr'>praestarent‚</span> <span class='ocrx_word' id='word_1_117' title='bbox 965 1398 1206 1444; x_wconf 73' lang='lat' dir='ltr'>Dardanos</span> <span class='ocrx_word' id='word_1_118' title='bbox 1245 1412 1399 1442; x_wconf 76' lang='lat' dir='ltr'>recens</span> 
     </span>
     <span class='ocr_line' id='line_1_18' title="bbox 111 1470 1398 1531; baseline -0.006 -9"><span class='ocrx_word' id='word_1_119' title='bbox 111 1473 350 1522; x_wconf 71' lang='lat' dir='ltr'>domuisset</span> <span class='ocrx_word' id='word_1_120' title='bbox 385 1473 534 1531; x_wconf 89' lang='lat' dir='ltr'>bello,</span> <span class='ocrx_word' id='word_1_121' title='bbox 574 1472 721 1519; x_wconf 84' lang='lat' dir='ltr'>solum</span> <span class='ocrx_word' id='word_1_122' title='bbox 751 1470 962 1518; x_wconf 86' lang='lat' dir='ltr'>infestum</span> <span class='ocrx_word' id='word_1_123' title='bbox 997 1471 1080 1518; x_wconf 80' lang='lat' dir='ltr'>effe</span> <span class='ocrx_word' id='word_1_124' title='bbox 1113 1470 1398 1518; x_wconf 66' lang='lat' dir='ltr'>Macedoniae</span> 
     </span>
     <span class='ocr_line' id='line_1_19' title="bbox 111 1542 1400 1611; baseline -0.006 -16"><span class='ocrx_word' id='word_1_125' title='bbox 111 1548 252 1606; x_wconf 88' lang='lat' dir='ltr'>latus,</span> <span class='ocrx_word' id='word_1_126' title='bbox 269 1546 394 1611; x_wconf 90' lang='lat' dir='ltr'>quod</span> <span class='ocrx_word' id='word_1_127' title='bbox 412 1546 466 1592; x_wconf 90' lang='lat' dir='ltr'>ab</span> <span class='ocrx_word' id='word_1_128' title='bbox 486 1544 674 1610; x_wconf 76' lang='lat' dir='ltr'>illyrico</span> <span class='ocrx_word' id='word_1_129' title='bbox 695 1556 893 1608; x_wconf 77' lang='lat' dir='ltr'>pateret,</span> <span class='ocrx_word' id='word_1_130' title='bbox 907 1560 1117 1603; x_wconf 83' lang='lat' dir='ltr'>cernens,</span> <span class='ocrx_word' id='word_1_131' title='bbox 1134 1560 1278 1606; x_wconf 87' lang='lat' dir='ltr'>neque</span> <span class='ocrx_word' id='word_1_132' title='bbox 1297 1542 1400 1605; x_wconf 78' lang='lat' dir='ltr'>ipsis</span> 
     </span>
     <span class='ocr_line' id='line_1_20' title="bbox 110 1615 1400 1684; baseline -0.005 -18"><span class='ocrx_word' id='word_1_133' title='bbox 110 1619 277 1684; x_wconf 85' lang='lat' dir='ltr'>quietis</span> <span class='ocrx_word' id='word_1_134' title='bbox 305 1618 474 1682; x_wconf 87' lang='lat' dir='ltr'>Illyriis</span> <span class='ocrx_word' id='word_1_135' title='bbox 493 1653 506 1676; x_wconf 89' lang='lat'>‚</span> <span class='ocrx_word' id='word_1_136' title='bbox 537 1619 587 1665; x_wconf 88' lang='lat'>&amp;</span> <span class='ocrx_word' id='word_1_137' title='bbox 621 1617 790 1663; x_wconf 86' lang='lat' dir='ltr'>aditum</span> <span class='ocrx_word' id='word_1_138' title='bbox 822 1616 1121 1678; x_wconf 72' lang='lat' dir='ltr'>praebentibus</span> <span class='ocrx_word' id='word_1_139' title='bbox 1151 1615 1400 1673; x_wconf 67' lang='lat' dir='ltr'>Romanis,</span> 
     </span>
     <span class='ocr_line' id='line_1_21' title="bbox 106 1689 1400 1755; baseline -0.005 -15"><span class='ocrx_word' id='word_1_140' title='bbox 106 1694 146 1740; x_wconf 80' lang='lat' dir='ltr'>si</span> <span class='ocrx_word' id='word_1_141' title='bbox 171 1691 408 1740; x_wconf 86' lang='lat' dir='ltr'>domuiffet</span> <span class='ocrx_word' id='word_1_142' title='bbox 433 1691 671 1755; x_wconf 86' lang='lat' dir='ltr'>proximos</span> <span class='ocrx_word' id='word_1_143' title='bbox 699 1689 997 1753; x_wconf 85' lang='lat' dir='ltr'>Illyriorum,</span> <span class='ocrx_word' id='word_1_144' title='bbox 1025 1689 1244 1736; x_wconf 81' lang='lat' dir='ltr'>Gentium</span> <span class='ocrx_word' id='word_1_145' title='bbox 1277 1705 1400 1751; x_wconf 86' lang='lat' dir='ltr'>quo-</span> 
     </span>
     <span class='ocr_line' id='line_1_22' title="bbox 111 1759 1399 1829; baseline -0.004 -18"><span class='ocrx_word' id='word_1_146' title='bbox 111 1781 201 1829; x_wconf 91' lang='lat' dir='ltr'>que</span> <span class='ocrx_word' id='word_1_147' title='bbox 231 1779 381 1827; x_wconf 89' lang='lat' dir='ltr'>regem</span> <span class='ocrx_word' id='word_1_148' title='bbox 414 1761 504 1825; x_wconf 86' lang='lat' dir='ltr'>jam</span> <span class='ocrx_word' id='word_1_149' title='bbox 540 1762 616 1809; x_wconf 90' lang='lat' dir='ltr'>diu</span> <span class='ocrx_word' id='word_1_150' title='bbox 650 1761 839 1808; x_wconf 87' lang='lat' dir='ltr'>dubium</span> <span class='ocrx_word' id='word_1_151' title='bbox 871 1760 919 1806; x_wconf 88' lang='lat' dir='ltr'>in</span> <span class='ocrx_word' id='word_1_152' title='bbox 945 1760 1203 1808; x_wconf 84' lang='lat' dir='ltr'>societatem</span> <span class='ocrx_word' id='word_1_153' title='bbox 1241 1759 1399 1824; x_wconf 82' lang='lat' dir='ltr'>perlici</span> 
     </span>
     <span class='ocr_line' id='line_1_23' title="bbox 108 1835 1402 1901; baseline -0.003 -17"><span class='ocrx_word' id='word_1_154' title='bbox 108 1837 239 1901; x_wconf 83' lang='lat' dir='ltr'>poffe</span> <span class='ocrx_word' id='word_1_155' title='bbox 254 1873 271 1895; x_wconf 83' lang='lat'>‚</span> <span class='ocrx_word' id='word_1_156' title='bbox 302 1853 408 1884; x_wconf 90' lang='lat' dir='ltr'>cum</span> <span class='ocrx_word' id='word_1_157' title='bbox 434 1836 586 1883; x_wconf 89' lang='lat' dir='ltr'>decem</span> <span class='ocrx_word' id='word_1_158' title='bbox 606 1835 803 1883; x_wconf 89' lang='lat' dir='ltr'>millibus</span> <span class='ocrx_word' id='word_1_159' title='bbox 825 1835 1028 1898; x_wconf 86' lang='lat' dir='ltr'>peditum</span> <span class='ocrx_word' id='word_1_160' title='bbox 1046 1871 1062 1892; x_wconf 88' lang='lat'><em>‚</em></span> <span class='ocrx_word' id='word_1_161' title='bbox 1081 1852 1281 1900; x_wconf 87' lang='lat' dir='ltr'>quorum</span> <span class='ocrx_word' id='word_1_162' title='bbox 1299 1850 1402 1898; x_wconf 79' lang='lat' dir='ltr'>pars</span> 
     </span>
     <span class='ocr_line' id='line_1_24' title="bbox 114 1910 1403 1976; baseline -0.002 -18"><span class='ocrx_word' id='word_1_163' title='bbox 114 1910 385 1976; x_wconf 83' lang='lat' dir='ltr'>phalangitae</span> <span class='ocrx_word' id='word_1_164' title='bbox 414 1921 568 1968; x_wconf 87' lang='lat' dir='ltr'>erant,</span> <span class='ocrx_word' id='word_1_165' title='bbox 601 1911 651 1957; x_wconf 85' lang='lat'>&amp;</span> <span class='ocrx_word' id='word_1_166' title='bbox 684 1910 862 1957; x_wconf 83' lang='lat' dir='ltr'>duobus</span> <span class='ocrx_word' id='word_1_167' title='bbox 889 1910 1089 1957; x_wconf 81' lang='lat' dir='ltr'>millibus</span> <span class='ocrx_word' id='word_1_168' title='bbox 1125 1911 1295 1957; x_wconf 77' lang='lat' dir='ltr'>levium</span> <span class='ocrx_word' id='word_1_169' title='bbox 1329 1928 1403 1957; x_wconf 88' lang='lat' dir='ltr'>ar-</span> 
     </span>
     <span class='ocr_line' id='line_1_25' title="bbox 114 1983 1406 2048; baseline -0.004 -15"><span class='ocrx_word' id='word_1_170' title='bbox 114 1999 342 2033; x_wconf 84' lang='lat' dir='ltr'>matorum</span> <span class='ocrx_word' id='word_1_171' title='bbox 360 2022 372 2041; x_wconf 92' lang='lat'><strong><em>‚</em></strong></span> <span class='ocrx_word' id='word_1_172' title='bbox 406 1986 456 2032; x_wconf 89' lang='lat'>&amp;</span> <span class='ocrx_word' id='word_1_173' title='bbox 481 1984 739 2048; x_wconf 84' lang='lat' dir='ltr'>quingentis</span> <span class='ocrx_word' id='word_1_174' title='bbox 770 1985 999 2048; x_wconf 81' lang='lat' dir='ltr'>equitibus</span> <span class='ocrx_word' id='word_1_175' title='bbox 1027 1983 1279 2047; x_wconf 56' lang='lat' dir='ltr'>profeehis,</span> <span class='ocrx_word' id='word_1_176' title='bbox 1302 1985 1406 2030; x_wconf 85' lang='lat' dir='ltr'>Stu-</span> 
     </span>
     <span class='ocr_line' id='line_1_26' title="bbox 115 2057 1402 2121; baseline -0.002 -15"><span class='ocrx_word' id='word_1_177' title='bbox 115 2058 266 2106; x_wconf 90' lang='lat' dir='ltr'>beram</span> <span class='ocrx_word' id='word_1_178' title='bbox 303 2057 444 2107; x_wconf 90' lang='lat' dir='ltr'>venit.</span> <span class='ocrx_word' id='word_1_179' title='bbox 483 2058 589 2105; x_wconf 89' lang='lat' dir='ltr'>Inde</span> <span class='ocrx_word' id='word_1_180' title='bbox 621 2057 850 2105; x_wconf 87' lang='lat' dir='ltr'>frumento</span> <span class='ocrx_word' id='word_1_181' title='bbox 886 2058 1190 2121; x_wconf 80' lang='lat' dir='ltr'>complurium</span> <span class='ocrx_word' id='word_1_182' title='bbox 1227 2059 1402 2105; x_wconf 85' lang='lat' dir='ltr'>dierum</span> 
     </span>
     <span class='ocr_line' id='line_1_27' title="bbox 115 2131 1402 2196; baseline 0 -16"><span class='ocrx_word' id='word_1_183' title='bbox 115 2132 290 2192; x_wconf 80' lang='lat' dir='ltr'>sumto,</span> <span class='ocrx_word' id='word_1_184' title='bbox 317 2131 524 2196; x_wconf 80' lang='lat' dir='ltr'>juffoque</span> <span class='ocrx_word' id='word_1_185' title='bbox 553 2143 769 2194; x_wconf 86' lang='lat' dir='ltr'>apparatu</span> <span class='ocrx_word' id='word_1_186' title='bbox 789 2133 1194 2196; x_wconf 79' lang='lat' dir='ltr'>oppugnandarum</span> <span class='ocrx_word' id='word_1_187' title='bbox 1223 2133 1402 2180; x_wconf 83' lang='lat' dir='ltr'>urbium</span> 
     </span>
     <span class='ocr_line' id='line_1_28' title="bbox 116 2203 1403 2269; baseline 0 -17"><span class='ocrx_word' id='word_1_188' title='bbox 116 2206 272 2268; x_wconf 86' lang='lat' dir='ltr'>sequi,</span> <span class='ocrx_word' id='word_1_189' title='bbox 304 2204 441 2252; x_wconf 88' lang='lat' dir='ltr'>tertio</span> <span class='ocrx_word' id='word_1_190' title='bbox 476 2205 546 2251; x_wconf 85' lang='lat' dir='ltr'>die</span> <span class='ocrx_word' id='word_1_191' title='bbox 578 2205 634 2252; x_wconf 91' lang='lat' dir='ltr'>ad</span> <span class='ocrx_word' id='word_1_192' title='bbox 672 2204 892 2252; x_wconf 88' lang='lat' dir='ltr'>Uscanam</span> <span class='ocrx_word' id='word_1_193' title='bbox 931 2203 1234 2269; x_wconf 78' lang='lat' dir='ltr'>(Penestianae</span> <span class='ocrx_word' id='word_1_194' title='bbox 1274 2220 1403 2253; x_wconf 62' lang='lat' dir='ltr'>terra:</span> 
     </span>
     <span class='ocr_line' id='line_1_29' title="bbox 115 2277 1403 2343; baseline 0 -18"><span class='ocrx_word' id='word_1_195' title='bbox 115 2296 171 2325; x_wconf 87' lang='lat' dir='ltr'>ea</span> <span class='ocrx_word' id='word_1_196' title='bbox 203 2280 395 2325; x_wconf 84' lang='lat' dir='ltr'>maxima</span> <span class='ocrx_word' id='word_1_197' title='bbox 423 2279 529 2325; x_wconf 90' lang='lat' dir='ltr'>urbs</span> <span class='ocrx_word' id='word_1_198' title='bbox 555 2279 650 2343; x_wconf 88' lang='lat' dir='ltr'>est)</span> <span class='ocrx_word' id='word_1_199' title='bbox 687 2277 839 2342; x_wconf 83' lang='lat' dir='ltr'>posuit</span> <span class='ocrx_word' id='word_1_200' title='bbox 871 2279 1032 2328; x_wconf 83' lang='lat' dir='ltr'>castra:</span> <span class='ocrx_word' id='word_1_201' title='bbox 1067 2280 1188 2342; x_wconf 76' lang='lat' dir='ltr'>prius</span> <span class='ocrx_word' id='word_1_202' title='bbox 1225 2293 1403 2336; x_wconf 72' lang='lat' dir='ltr'>tamen,</span> 
     </span>
     <span class='ocr_line' id='line_1_30' title="bbox 115 2353 1402 2416; baseline 0.002 -18"><span class='ocrx_word' id='word_1_203' title='bbox 115 2370 253 2415; x_wconf 89' lang='lat' dir='ltr'>quam</span> <span class='ocrx_word' id='word_1_204' title='bbox 283 2353 378 2400; x_wconf 84' lang='lat' dir='ltr'>vim</span> <span class='ocrx_word' id='word_1_205' title='bbox 405 2353 699 2411; x_wconf 86' lang='lat' dir='ltr'>admoveret,</span> <span class='ocrx_word' id='word_1_206' title='bbox 734 2353 897 2412; x_wconf 84' lang='lat' dir='ltr'>miffis,</span> <span class='ocrx_word' id='word_1_207' title='bbox 924 2354 1001 2416; x_wconf 82' lang='lat' dir='ltr'>qui</span> <span class='ocrx_word' id='word_1_208' title='bbox 1027 2366 1248 2400; x_wconf 65' lang='lat' dir='ltr'>tentarent</span> <span class='ocrx_word' id='word_1_209' title='bbox 1282 2371 1402 2402; x_wconf 69' lang='lat' dir='ltr'>nune</span> 
     </span>
     <span class='ocr_line' id='line_1_31' title="bbox 118 2423 1402 2488; baseline 0.003 -18"><span class='ocrx_word' id='word_1_210' title='bbox 118 2423 434 2488; x_wconf 70' lang='lat' dir='ltr'>praefe&amp;orum</span> <span class='ocrx_word' id='word_1_211' title='bbox 466 2424 677 2486; x_wconf 83' lang='lat' dir='ltr'>praefidii‚</span> <span class='ocrx_word' id='word_1_212' title='bbox 708 2442 830 2473; x_wconf 87' lang='lat' dir='ltr'>nunc</span> <span class='ocrx_word' id='word_1_213' title='bbox 851 2426 1187 2488; x_wconf 83' lang='lat' dir='ltr'>oppidanorum</span> <span class='ocrx_word' id='word_1_214' title='bbox 1212 2427 1402 2474; x_wconf 71' lang='lat' dir='ltr'>animos,</span> 
     </span>
    </p>
   </div>
   <div class='ocr_carea' id='block_1_3' title="bbox 115 2496 1402 2632">
    <p class='ocr_par' dir='ltr' id='par_1_4' title="bbox 115 2496 1402 2632">
     <span class='ocr_line' id='line_1_32' title="bbox 115 2496 1402 2562; baseline 0.002 -18"><span class='ocrx_word' id='word_1_215' title='bbox 115 2510 212 2545; x_wconf 85' lang='lat' dir='ltr'>erat</span> <span class='ocrx_word' id='word_1_216' title='bbox 254 2508 403 2544; x_wconf 86' lang='lat' dir='ltr'>autem</span> <span class='ocrx_word' id='word_1_217' title='bbox 436 2497 499 2544; x_wconf 91' lang='lat' dir='ltr'>ibi</span> <span class='ocrx_word' id='word_1_218' title='bbox 529 2514 631 2546; x_wconf 89' lang='lat' dir='ltr'>cum</span> <span class='ocrx_word' id='word_1_219' title='bbox 664 2496 902 2560; x_wconf 82' lang='lat' dir='ltr'>juventute</span> <span class='ocrx_word' id='word_1_220' title='bbox 937 2499 1200 2562; x_wconf 79' lang='lat' dir='ltr'>Illyriorum</span> <span class='ocrx_word' id='word_1_221' title='bbox 1232 2501 1402 2546; x_wconf 58' lang='lat' dir='ltr'>Roma*</span> 
     </span>
     <span class='ocr_line' id='line_1_33' title="bbox 1041 2575 1150 2632; baseline 0 0"><span class='ocrx_word' id='word_1_222' title='bbox 1041 2575 1085 2619; x_wconf 80' lang='lat' dir='ltr'>G</span> <span class='ocrx_word' id='word_1_223' title='bbox 1120 2591 1150 2632; x_wconf 76' lang='lat'>4</span> 
     </span>
    </p>
   </div>
  </div>
 </body>
</html>
