1673 3052
259 196 340 244 IN
385 191 556 241 LOC.
593 191 729 237 LIB.
771 187 1002 235 XLVIII
1051 185 1197 231 LIV.
1296 197 1391 244 299

111 314 184 343 tate
209 311 399 342 renovaret.
427 287 597 349 Maiores
621 306 713 337 natu
739 295 955 335 referebant
975 292 1112 346 fiu‘lum
1125 290 1276 345 senioris
1293 287 1396 339 Afri-

111 365 193 404 cani
207 394 219 412 ,
240 364 318 416 qui,
340 377 416 402 cum
437 362 577 400 eandem
600 359 639 398 in
665 357 883 411 Hispaniam
909 356 955 393 ire
976 355 1113 394 auderet
1128 366 1247 399 nemo,
1266 350 1395 403 parriae

104 423 210 478 fitam
238 439 376 478 operam
407 424 497 462 ultro
523 420 703 473 obtuliffet.
742 432 836 458 nunc
867 418 912 456 ab
941 417 1014 454 alio
1043 416 1090 453 P.
1118 414 1282 466 Scipione
1306 412 1398 448 idem

108 488 254 540 prorsus
277 486 472 540 exemplum
493 485 658 532 relatum,
677 484 716 521 in
738 496 805 534 quo
821 494 894 518 cum
916 490 1025 516 cetera
1044 476 1149 528 effbnt
1161 474 1300 522 omnia,
1315 487 1400 525 quaa

74 592 79 595 ,
112 549 166 587 lia
189 550 225 587 δ’
242 563 335 587 avus
355 547 524 599 habuiffiet
537 577 547 595 ‚
562 547 641 600 jam
649 545 688 597 fi’
705 545 846 584 eandem
866 542 905 579 in
918 541 982 579 illo
996 539 1170 592 fhc‘lomm
1184 535 1401 588 nominisque

113 610 379 662 amplitudinem
407 608 563 664 ajebant
583 607 760 660 augurari.
781 604 993 654 Produdtus
1019 601 1161 640 deinde
1184 602 1224 638 in
1245 599 1401 637 concio-

112 685 204 711 nem
222 672 361 723 populi
376 703 387 720 ,
411 685 501 711 cum
527 672 665 711 eadem
693 667 939 715 disseruisset,
965 665 1115 717 pudore
1132 666 1168 704 ἃ
1184 661 1400 702 aemulatio-

113 747 164 773 ne
179 734 228 773 fic
254 736 446 785 permovit
459 747 538 773 non
559 733 696 784 vulgus
722 731 865 786 modo,
886 729 952 768 sed
975 729 1091 767 etiam
1120 725 1320 777 primarios
1345 724 1403 762 ci-

114 810 209 846 ves,
234 806 279 836 ut
308 800 343 838 ἃ
370 797 587 849 legatorum
618 797 936 844 tribunorumque
965 803 1146 830 numerus
1163 821 1174 838 ,
1197 788 1333 839 sponte
1363 785 1403 824 se

115 860 250 900 multis
266 861 529 909 offerentibus,
546 859 786 910 expleretur3
814 859 849 898 &
866 856 1038 907 legiones
1050 885 1063 901 ,
1080 851 1307 904 agminatim
1323 851 1405 898 jam

117 924 278 963 nomina
301 922 479 963 dantibus
493 953 505 971 ,
529 923 594 973 qui
612 931 722 961 antea
747 918 980 972 tergiversati
1004 918 1180 964 fuerant,
1203 914 1300 953 citra
1321 911 1405 951 lon-

119 986 266 1035 giorem
292 999 442 1026 moram
465 984 654 1025 conscribi
680 983 844 1035 possent.

173 1056 319 1098 XVIII.
349 1057 453 1097 Dum
478 1056 537 1096 his
560 1056 848 1107 impedimentis
874 1053 1043 1094 deledus
1061 1051 1196 1091 Romae
1218 1047 1407 1095 trahitur,

118 1119 178 1160 M.
196 1119 405 1160 Marcellus
429 1119 660 1172 proconsul,
683 1119 847 1169 cupidus
873 1116 963 1156 belli
984 1123 1072 1155 ante
1090 1111 1308 1152 successoris
1332 1110 1409 1149 ad-

49 1180 52 1181 ’
120 1188 282 1220 ventum
310 1195 466 1233 quoquo
493 1181 612 1221 modo
643 1180 827 1228 finiendi,
855 1187 898 1218 ut
928 1185 1072 1229 pacatae
1100 1173 1293 1224 Hispaniae
1316 1172 1408 1210 titu-

117 1242 202 1282 lum
228 1252 506 1295 aucuparetur,
537 1252 723 1294 quantum
751 1242 838 1293 ipfis
865 1241 1082 1280 immineret
1113 1235 1306 1288 periculi,
1333 1233 1409 1272 ad-

120 1317 280 1344 monere
305 1306 516 1346 Celtiberos
542 1318 622 1344 non
647 1305 812 1344 destitit:
839 1305 874 1343 6:
889 1333 901 1351 ,
920 1311 963 1341 ut
986 1298 1227 1340 humanitate
1253 1305 1407 1346 quoque

120 1366 170 1405 ad
197 1367 303 1417 pacis
329 1380 501 1407 amorem
521 1379 587 1405 eos
610 1365 794 1414 illiceret,
815 1365 962 1405 obfides
978 1362 1150 1402 reddidit
1173 1357 1405 1410 petentibus.

123 1428 224 1468 Cum
245 1429 419 1481 principe
444 1436 573 1469 autem
599 1428 821 1479 legationis,
838 1441 921 1478 quae
942 1426 1049 1465 missa
1073 1424 1238 1464 Romam
1261 1421 1409 1466 fuerat,

124 1492 191 1530 diu
217 1490 362 1531 secreto
397 1491 639 1539 collocutus,
663 1489 921 1541 suspicionem
949 1486 1133 1539 propositi
1163 1486 1245 1534 ejus
1279 1483 1406 1529 auxit3

123 1555 260 1593 ceteris
285 1554 423 1603 etiam,
450 1567 534 1605 quae
554 1565 645 1592 mox
669 1564 850 1600 evenere,
872 1565 953 1591 non
972 1548 1133 1589 obscura
1155 1547 1210 1585 rei
1235 1542 1409 1594 ejusdem

123 1616 269 1656 indicia
298 1616 597 1668 praeferentibus.
624 1616 746 1655 statim
771 1615 873 1654 enim
899 1616 934 1654 δε
958 1610 1215 1662 Nergobrigas
1240 1606 1409 1660 quinque

53 1691 58 1695 ⁴
123 1678 382 1718 Arvaccorum
397 1678 519 1718 millia
534 1687 793 1728 occuparunt:
815 1679 849 1716 δε
865 1672 1084 1727 proconsul,
1099 1673 1147 1711 ad
1158 1667 1411 1711 Numantiam

125 1742 295 1780 exercitu
325 1742 464 1789 duelo,
485 1749 574 1780 ante
597 1740 733 1778 urbem
754 1737 882 1790 posuit
907 1737 1023 1776 castra
1037 1767 1050 1784 ,
1072 1731 1306 1785 egressosque
1332 1728 1410 1767 ob-

126 1806 231 1845 viam
252 1804 326 1845 levi
347 1806 553 1845 certamine
569 1805 667 1844 intra
683 1816 811 1842 muros
828 1798 1028 1850 compulit.
1052 1797 1113 1837 Ibi
1133 1796 1298 1837 Litenno
1311 1823 1321 1839 ‚
1340 1791 1410 1829 ho-

127 1869 238 1908 stium
255 1869 413 1918 ductor,
429 1868 529 1919 pede
550 1867 700 1907 firmato
728 1863 982 1911 exclamavit,
999 1864 1040 1916 se
1065 1859 1214 1911 colloqui
1236 1871 1311 1896 cum
1332 1869 1411 1905 pro-

116 1946 191 1978 vcon
212 1931 266 1969 ule
297 1945 429 1983 cupere.
465 1931 634 1980 Accepta
664 1929 766 1968 haud
795 1936 945 1978 gravate
974 1925 1112 1976 petitio
1139 1922 1222 1960 est:
1264 1929 1412 1973 conve-

129 1993 264 2042 nitque
276 2022 288 2039 ,
305 2004 365 2041 ut,
384 1993 555 2044 obsta'ibus
568 1990 603 2028 6³
625 1992 774 2044 pecunia
790 1991 876 2027 data
890 2019 901 2036 ‚
921 1987 1081 2027 Celtiberi
1098 1985 1178 2037 'fuis
1199 1981 1335 2034 legibus
1355 1979 1410 2016 νὶ-

129 2067 273 2100 verent,
286 2054 442 2107 sbciique
465 2052 499 2090 δ’
520 2052 624 2091 amici
640 2052 767 2105 populi
783 2051 935 2089 Romani
959 2050 1171 2087 haberentur.
1207 2045 1409 2083 Summam

130 2116 305 2167 pecuniae
327 2113 470 2152 talenta
499 2112 675 2152 sexcenta
703 2111 811 2150 fuisse
838 2109 1058 2150 Posidonius
1075 2139 1086 2158 ,
1115 2104 1413 2155 Hispanicarum

131 2190 258 2217 rerum
281 2177 424 2228 peritus
447 2177 579 2216 auctor
594 2206 605 2224 ,
629 2175 799 2229 tradidit.

185 2246 301 2287 XIX.
339 2245 439 2286 Cum
462 2245 538 2284 hoc
562 2245 682 2284 modo
712 2245 839 2295 pacati
870 2255 1006 2282 omnes
1036 2240 1251 2280 Celtiberia?
1275 2239 1411 2289 populi

132 2307 373 2356 viderentur,
394 2319 539 2346 novum
564 2305 727 2345 subinde
755 2305 898 2345 bellum
926 2305 967 2345 L.
990 2303 1138 2343 Luculli
1158 2301 1324 2340 consulis
1347 2315 1412 2340 cu-

134 2372 299 2423 piditate
322 2371 530 2409 excitatum
553 2369 615 2409 est.
640 2369 674 2408 Is
689 2400 700 2418 ‚
716 2381 805 2408 cum
831 2368 1053 2418 Hispaniam
1074 2367 1168 2405 sorte
1185 2365 1412 2416 accepisset,

182 2496 206 2540 5
231 2479 338 2532 X‘Vn.
358 2496 440 2549 tw.
465 2497 556 2541 tpat.
580 2495 700 2541 Polyb.
727 2495 750 2540 ,ς
771 2496 894 2533 xvm.
916 2494 1064 2538 Appiam
1084 2492 1225 2537 Hispan,
