1673 3052
263 211 324 254 42
626 194 1190 242 T1T1L1V11

328 305 566 351 XXXVII.
586 303 741 350 Paucis
763 301 864 366 post
889 301 1042 349 diebus
1062 303 1122 362 Q.
1143 298 1366 355 Marcius,
1383 300 1435 347 A.
1455 298 1550 347 Ati-

264 376 351 424 lius
366 412 379 435 ,
402 379 451 424 &
468 379 514 425 Ρ.
533 379 581 423 &
600 377 692 423 Ser.
709 374 915 423 Cornelii
932 373 1105 420 Lentuli
1118 409 1132 432 ‚
1149 374 1200 420 &
1223 374 1270 418 L.
1289 371 1550 429 Decimius,

265 450 399 513 legati
430 450 477 496 in
499 448 725 496 Graeciam
746 447 886 506 misti,
919 447 1178 510 Corcyram
1200 445 1402 509 peditum
1429 445 1557 492 mille

265 522 414 570 secum
448 523 761 570 advexerunt:
793 521 856 567 ibi
892 519 1010 567 inter
1035 519 1080 566 se
1106 520 1156 568 &
1177 520 1415 584 regiones,
1442 534 1555 583 quas

266 597 447 644 obirent
462 633 475 653 ,
506 598 557 644 ὃς
573 596 736 643 milites
758 593 1020 641 diviserunt.
1053 592 1293 641 Decimius
1317 592 1467 639 missus
1491 591 1554 638 est

268 670 323 716 ad
352 670 566 716 Gentium
586 705 600 725 ‚
634 685 782 729 regem
801 667 1065 730 lllyriorum
1081 702 1096 726 ,
1119 683 1252 731 quem
1269 703 1285 725 ‚
1311 666 1344 714 fi
1360 667 1556 730 aliquem

267 743 511 805 respeffiim
541 740 752 788 amicitiae
780 756 883 786 eum
903 739 1066 786 habere
1092 750 1324 797 cerneret,
1353 751 1556 797 tentare,

268 828 344 861 aut
375 815 508 862 etiam
531 814 586 861 ad
607 812 713 860 belli
733 812 992 860 societatem
1018 811 1234 874 perlicere
1256 810 1406 872 jussus.
1441 813 1556 858 Len·

269 890 355 936 tuli
389 889 437 935 in
477 885 818 951 Cephalleniam
851 885 994 940 miffi,
1026 898 1076 931 ut
1106 885 1151 931 in
1188 884 1557 948 Peloponnesum

270 961 526 1023 t1·a}icerent
546 996 558 1018 ‚
594 976 812 1022 oramque
844 957 976 1005 maris
994 993 1008 1016 ,
1034 957 1081 1003 in
1103 956 1387 1005 occidentem
1413 957 1560 1013 verfi,

272 1052 376 1082 aute
399 1035 593 1081 hiemem
615 1032 922 1080 circumirent.
949 1030 1126 1078 Marcio
1144 1032 1194 1078 &
1211 1030 1353 1078 Atilio
1370 1029 1561 1092 Epirus,

271 1110 463 1169 AEtolia‚
482 1100 766 1158 &Thessalia
789 1107 1122 1154 circumeundae
1138 1105 1420 1168 affignantur.
1451 1104 1560 1150 Inde

272 1184 499 1232 Boeotiam
527 1196 658 1247 atque
683 1182 904 1229 Euboeam
925 1180 1119 1243 aspicere
1141 1179 1265 1239 jusfi3
1295 1190 1392 1225 tum
1409 1177 1457 1224 in
1476 1178 1561 1223 Pe-

273 1255 577 1319 loponnesum
604 1254 820 1317 trajicere.
851 1253 914 1301 ibi
936 1252 1247 1317 congressuros
1265 1250 1308 1298 se
1327 1267 1430 1298 cum
1446 1251 1565 1297 Len-

272 1330 380 1377 tulis
404 1329 698 1377 constituunt.
727 1327 983 1390 Priusquam
1016 1325 1350 1388 digrederentur
1380 1340 1405 1370 a
1437 1325 1562 1370 Cor-

275 1420 388 1467 cyra
406 1438 422 1460 ,
452 1402 592 1448 literae
622 1418 646 1447 a
671 1399 828 1447 Perseo
864 1399 1008 1446 allatae
1037 1397 1163 1453 sunt,
1195 1396 1357 1460 quibus
1386 1411 1563 1458 quaere-

275 1477 351 1523 bat
368 1511 382 1534 ‚
407 1492 508 1539 quae
539 1473 666 1521 causa
684 1471 902 1520 Romanis
923 1482 998 1518 aut
1024 1470 1071 1516 in
1092 1468 1313 1521 Graeciam
1332 1467 1565 1529 trajicien-

276 1550 322 1596 di
342 1549 495 1612 copias
513 1584 527 1607 ‚
554 1559 630 1594 aut
650 1546 780 1593 urbes
799 1543 1080 1607 occupandi,
1100 1542 1237 1590 effet?
1270 1541 1361 1589 Cui
1381 1541 1565 1588 rescribi

278 1620 391 1667 nihil
412 1619 613 1684 placuit;
646 1618 812 1664 nuntio
844 1617 982 1680 ipsius
1000 1652 1014 1674 ,
1051 1615 1129 1679 qui
1156 1615 1302 1661 literas
1328 1613 1566 1670 attulerat,

277 1696 396 1752 dici,
419 1693 602 1757 praestdii
631 1693 756 1752 caufiz
787 1693 969 1753 ipfizrum
998 1692 1157 1735 urbium
1176 1690 1397 1734 Romanos
1413 1687 1565 1747 facere.

280 1767 476 1824 Lentuli,
490 1767 823 1813 circumeuntes
833 1761 1132 1825 Peloponnesi
1151 1760 1337 1823 oppida,
1351 1777 1454 1809 cum
1474 1760 1566 1806 sine

280 1841 536 1888 discrimine
559 1856 718 1887 omnes
739 1838 946 1886 civitates
975 1836 1320 1883 adhortarentur
1335 1870 1350 1892 ‚
1369 1845 1419 1881 ut
1434 1870 1449 1893 ,
1471 1851 1567 1898 quo

280 1915 458 1974 animo,
477 1932 564 1977 qua
591 1913 678 1960 fide
697 1911 964 1972 adjuvissent
982 1911 1242 1967 Romanos,
1259 1908 1452 1971 Philippi
1473 1906 1568 1970 pri-

281 2007 404 2046 mum
421 2025 434 2045 ‚
460 1988 619 2035 deinde
637 1985 854 2034 Antiochi
874 1984 995 2031 bello
1014 2019 1028 2041 ‚
1049 1984 1208 2030 eodem
1227 1981 1442 2029 adversus
1464 1981 1567 2028 Per-

282 2063 350 2109 sea
378 2062 613 2121 juvarent,
638 2060 863 2106 fremitum
896 2058 942 2104 in
972 2056 1276 2104 concionibus
1306 2055 1568 2102 audiebant:

284 2135 462 2182 Achaeis
496 2132 863 2196 indignantibus,
895 2130 1055 2176 eodem
1091 2128 1131 2174 se
1163 2128 1272 2174 loco
1310 2125 1426 2184 effe,
1458 2124 1568 2190 (qui

285 2207 440 2254 omnia
477 2224 501 2253 a
536 2204 767 2269 principiis
808 2201 1095 2248 Macedonici
1130 2200 1235 2247 belli
1271 2198 1570 2262 praestitissent

284 2278 529 2335 Romanis,
549 2281 596 2326 &
618 2275 916 2323 Macedonum
934 2273 1129 2335 Philippi
1146 2271 1268 2318 bello
1288 2270 1435 2317 hostes
1457 2268 1571 2316 fuis·

287 2350 415 2414 sent)
445 2367 538 2415 quo
570 2348 774 2396 Meffenii
801 2360 934 2410 atque
966 2346 1081 2403 Elii,
1118 2344 1195 2408 qui
1228 2360 1312 2407 pro
1335 2341 1572 2390 Antiocho

288 2424 415 2470 hoste
442 2440 563 2470 arma
590 2420 800 2468 adversus
831 2419 1050 2482 populum
1072 2419 1331 2463 Romanum
1348 2413 1575 2469 tuliss'ent3v

290 2512 339 2542 ac
354 2531 368 2554 ‚
397 2513 539 2560 nuper
566 2494 613 2543 in
633 2494 880 2544 Achaicum
914 2489 1165 2540 contributi
1192 2486 1469 2544 concilium,
1486 2500 1572 2535 ve-
