1673 3052
267 189 809 263 HISTORIARUM
843 189 969 236 LIB.
1004 189 1161 236 XLIII.
1287 206 1344 252 93

67 292 171 358 pida
202 292 324 340 adiit.
363 292 592 355 Nusquam
630 293 767 350 alibi,
793 311 926 357 quam
960 293 1007 339 in
1037 294 1308 341 Macedonia
1330 331 1347 350 ,

67 365 237 413 bellum
256 376 377 412 erat:
402 365 644 427 suspeEIum
675 378 825 412 tamen
849 368 898 413 &
923 365 1139 412 Gentium
1161 366 1351 429 Illyrio-

70 454 170 483 rum
194 453 342 499 regem
367 436 604 483 habebant.
630 437 778 499 itaque
798 438 847 483 &
869 437 974 484 οᾶο
1004 454 1143 484 naves
1170 450 1352 484 ornatas

70 500 97 557 a
129 510 362 558 Brundifio
406 510 578 557 senatus
612 509 782 557 censuit
814 509 1050 556 mittendas
1082 512 1137 557 ad
1168 511 1223 557 C.
1263 514 1353 558 Fu-

72 582 191 629 rium
215 582 407 646 legatum
439 583 561 630 Iffam
577 619 590 640 ‚
613 582 692 646 qui
715 599 820 629 cum
838 583 1045 644 praesldio
1075 584 1259 631 duarum
1289 585 1352 632 ls—

72 655 262 703 senfium
293 657 480 721 navium
509 656 665 704 insulae
702 669 904 718 praeerat.
933 657 1026 702 duo
1061 658 1201 704 millia
1230 658 1352 704 mili-

74 742 170 776 tum
201 729 247 775 in
279 747 351 778 eas
380 747 518 777 naves
548 730 650 776 sunt
682 729 917 792 imposita,
944 747 1045 793 quae
1074 732 1135 790 Q.
1161 732 1354 778 Maenius:

73 814 245 864 praetor
273 818 330 848 ex
362 802 744 850 senatusconsulto
769 802 815 848 in
846 818 896 848 ea
920 814 1042 864 parte
1072 803 1235 861 Italiae,
1255 821 1356 867 quae

73 872 249 934 objecta
281 874 468 938 Illyrico
498 873 584 931 est,
615 873 906 936 conscripsit:
943 875 993 921 &
1013 874 1173 921 consul
1202 875 1358 921 Hosti-

73 949 163 995 lius
184 951 270 1012 Ap.
292 949 534 996 Claudium
557 948 603 995 in
624 949 861 1013 Illyricum
891 966 993 995 cum
1024 961 1222 1012 quatuor
1252 950 1359 996 mil—

75 1019 192 1067 libus
222 1021 420 1084 peditum
449 1019 589 1079 misit,
616 1032 665 1067 ut
683 1020 860 1068 accolas
889 1021 1063 1089 Illyrici
1091 1033 1358 1070 tutarentur.

76 1093 187 1156 qui,
218 1110 314 1140 non
347 1105 586 1140 contentus
617 1092 699 1151 iis,
734 1109 842 1156 quas
878 1093 1151 1152 adduxerat,
1180 1094 1358 1157 copiis,

79 1168 246 1215 auxilia
272 1169 326 1215 ab
352 1168 484 1216 sociis
507 1168 797 1232 corrogando
814 1205 826 1227 ‚
848 1169 903 1215 ad
923 1169 1028 1215 0810
1052 1169 1191 1216 millia
1212 1170 1360 1216 homi·

80 1258 190 1286 num
217 1241 348 1287 vario
372 1259 532 1305 genere
561 1241 755 1288 armavit
776 1258 787 1287 :
808 1255 1126 1305 peragrataque
1155 1243 1282 1289 omni
1311 1260 1360 1289 ea

80 1314 266 1377 regione
282 1350 296 1372 ‚
320 1315 374 1360 ad
393 1315 680 1378 Lychnidum
700 1315 1053 1362 Dassaretiorum
1076 1315 1290 1362 consedit.

145 1390 204 1434 X.
245 1388 375 1434 Haud
411 1388 573 1449 procul
606 1387 709 1433 inde
740 1387 915 1434 Uscana
950 1388 1168 1450 oppidum
1203 1386 1361 1436 finium

81 1453 347 1525 pierumque
374 1461 516 1508 Persei
540 1474 646 1508 erat.
677 1462 830 1508 decem
861 1462 998 1509 millia
1025 1462 1197 1510 civium
1226 1464 1364 1510 habe-

83 1536 156 1583 bat
170 1571 183 1592 ,
202 1537 250 1583 &
269 1535 499 1582 modicum
517 1571 529 1593 ‚
550 1535 763 1581 custodiae
785 1535 934 1591 causa,
954 1537 1232 1582 Cretenfium
1255 1554 1368 1598 prze-

83 1609 256 1656 fidium.
279 1609 384 1654 Inde
409 1608 556 1656 nuntii
578 1608 632 1653 ad
652 1609 888 1672 Claudium
913 1609 1083 1654 occulti
1105 1609 1366 1655 veniebant:

85 1686 136 1727 Si
161 1683 337 1742 propius
366 1684 506 1742 copias
529 1680 769 1745 admoviffet
786 1719 799 1738 ‚
825 1698 1000 1743 paratos
1016 1681 1141 1740 sore,
1167 1686 1238 1742 qui
1264 1701 1368 1743 pro-

82 1758 221 1802 derant
247 1758 397 1801 urbem.
426 1759 487 1800 Et
509 1775 633 1816 opera:
647 1759 824 1816 pretium
849 1754 944 1818 effe,
965 1774 1051 1801 non
1065 1756 1115 1816 fi:
1143 1757 1369 1817 amicostflle

83 1844 269 1882 tantum,
282 1828 365 1888 ssed
390 1830 512 1873 etiam
532 1831 683 1873 milites
698 1831 843 1889 praeda
864 1834 1133 1889 expleturum.
1157 1829 1264 1891 Spes
1286 1846 1371 1875 cuv

87 1901 262 1964 piditati
294 1903 473 1947 admota
503 1901 563 1947 ita
593 1901 846 1948 obcaecavit
873 1902 1070 1948 animum
1089 1938 1102 1958 ‚
1126 1915 1175 1948 ut
1203 1919 1285 1949 nec
1316 1919 1370 1948 ex

87 1973 167 2030 iis,
196 1972 275 2036 qui
307 1987 560 2031 venerunt,
584 1991 840 2038 quenquam
869 1974 1108 2030 retinerem
1142 1991 1224 2021 nec
1255 1975 1373 2021 obfi-

89 2046 195 2100 des,
226 2043 386 2107 pignus
418 2044 598 2092 futuros
633 2046 754 2092 furto
790 2049 839 2094 &
872 2046 1028 2094 fraude
1063 2047 1244 2111 agendae
1276 2047 1370 2104 rei,

89 2119 319 2183 posceret3
343 2135 425 2165 nec
446 2120 641 2165 mitteret
663 2121 977 2181 exploratum;
999 2138 1081 2168 nec
1101 2119 1234 2166 fidem
1256 2121 1377 2167 acci-

91 2203 230 2255 peret.
273 2190 343 2236 die
377 2204 549 2237 tantum
585 2190 745 2238 statuta
780 2193 1008 2255 profectus
1041 2212 1062 2239 a
1100 2192 1375 2256 Lychnido,

91 2262 334 2309 duodecim
353 2262 490 2309 millia
505 2264 560 2309 ab
582 2264 692 2310 urbe
710 2299 722 2320 ‚
741 2265 795 2309 ad
820 2281 949 2327 quam
973 2264 1181 2309 tendebat
1197 2300 1210 2319 ‚
1229 2261 1378 2325 posuit

91 2336 244 2383 castra.
264 2337 436 2394 Quarta
463 2336 565 2381 inde
588 2335 738 2398 vigilia
759 2337 877 2399 figna
899 2335 1049 2382 movit
1065 2372 1077 2393 9
1098 2332 1219 2381 mille
1240 2334 1378 2380 ferme

64 2453 67 2455 .
94 2410 147 2454 ad
170 2408 416 2467 praesidium
437 2410 678 2454 castrorum
700 2409 884 2453 relictis:
907 2408 1191 2468 incompofiti
1210 2445 1220 2463 ,
1237 2408 1379 2470 longo

95 2481 272 2547 agmine
303 2479 424 2530 effusi
438 2517 456 2546 ‚
485 2480 816 2548 infrequenteS,
849 2500 952 2532 cum
978 2483 1224 2532 mochimus
1252 2499 1380 2531 error
