1673 3052
270 171 358 236 1⁴32
633 169 1206 228 T1T1L1viiv

264 278 461 342 spefflnm
490 275 531 324 se
562 275 646 323 effe
680 286 907 333 cerneret,
934 277 985 325 &
1014 275 1293 339 proditionis
1322 275 1546 326 interdum

262 351 454 399 crimine
482 347 746 408 insimulari,
767 351 823 396 ad
841 350 1075 398 Romanos
1094 349 1330 415 transfugit
1347 369 1359 398 :
1379 368 1549 415 magno

262 424 362 476 usni
385 423 560 471 consuli
579 422 678 470 ffiit.
696 425 758 469 Ea
775 423 1054 470 introductus
1074 423 1122 469 in
1141 422 1311 471 curiam
1332 439 1437 485 cum
1453 439 1545 470 me·

261 498 470 553 moraffet
483 534 497 555 ‚
511 498 686 545 senatus
707 498 753 544 in
768 498 1011 545 formulam
1028 497 1255 546 sociorum
1271 514 1372 547 eum
1392 498 1548 546 referri

260 569 415 631 juffit:
436 570 586 618 locum
603 606 618 629 ‚
647 570 781 617 lautia
814 571 1029 633 praeberi:
1052 572 1145 635 agri
1177 571 1441 630 Tarentini,
1467 570 1546 635 qui

261 643 472 706 publicus
492 643 654 706 populi
676 644 873 690 Romani
900 644 1004 690 ess'et
1019 679 1032 701 ‚
1053 644 1245 690 ducenta
1261 643 1413 707 jugera
1432 643 1547 701 dari,

255 717 314 777 ¹&
342 717 457 763 aedes
483 715 671 762 Tarenti
704 716 822 762 emi:
842 717 910 762 uti
939 732 989 762 ea
1020 729 1222 774 curaret,
1248 716 1303 763 C.
1328 715 1548 763 Decimio

261 789 447 852 praetori
464 787 738 834 mandatum.
756 788 977 835 Censores
996 788 1173 835 censum
1190 787 1339 836 [dibus
1349 789 1547 836 Decem-

256 861 439 920 bribus,
461 860 659 908 severius
678 878 812 925 quam
832 873 958 920 ante,
976 862 1252 908 habuerunt:
1270 860 1422 908 multis
1439 861 1544 925 equi
1597 897 1599 901 .

258 934 443 994 ademti,
461 933 577 980 inter
594 949 710 996 quos
728 935 775 980 P.
792 935 985 995 Rutilio,
997 935 1076 999 qui
1090 935 1293 982 tribunus
1309 934 1449 998 plebis
1464 938 1544 982 eo's

258 1007 488 1054 violenter
506 1005 754 1054 accusarat:
771 1008 889 1055 tribu
910 1026 1094 1073 quoque
1112 1009 1147 1055 is
1168 1020 1317 1056 motus
1330 1044 1345 1068 ,
1361 1009 1412 1057 &
1431 1025 1543 1056 aera-

257 1079 352 1127 rius
372 1079 526 1132 factus.
544 1079 613 1125 Ad
630 1095 768 1141 opera
782 1080 960 1143 publica
981 1082 1183 1130 facienda
1201 1100 1303 1131 cum
1325 1083 1386 1130 eis
1408 1083 1544 1130 dimi-

252 1155 384 1203 dium
404 1170 461 1200 ex
486 1152 778 1217 vectigalibus
808 1152 901 1215 ejus
927 1155 1031 1202 anni
1053 1156 1317 1203 attributum
1342 1172 1398 1202 ex
1419 1155 1544 1203 sena-

257 1227 544 1276 tusconsulto
560 1245 585 1274 a
605 1227 903 1291 quaestoribus
932 1230 1062 1285 effet3
1084 1229 1155 1277 Ti.
1174 1229 1465 1292 Sempronius
1484 1247 1543 1278 ex

259 1320 312 1350 ea
331 1301 553 1366 pecunia,
578 1318 680 1364 quae
708 1301 788 1363 ipsi
813 1302 1023 1349 attributa
1053 1315 1171 1361 erat,
1197 1304 1311 1351 aedes
1339 1306 1386 1352 P.
1412 1305 1544 1352 Afri-

259 1375 363 1424 cani
391 1391 511 1437 pone
546 1375 729 1419 Veteres
752 1374 805 1419 ad
827 1374 1072 1422 Vortumni
1096 1375 1264 1438 [ignum
1283 1411 1298 1435 ,
1324 1376 1544 1425 lanienas⁴
1589 1428 1591 1431 ,

259 1465 350 1512 que
382 1451 431 1495 &
455 1447 658 1494 tabernas
687 1447 946 1508 conjunCtas
977 1448 1022 1494 in
1044 1449 1274 1511 publicum
1300 1449 1435 1510 emit,
1460 1450 1541 1498 ba-

259 1521 519 1583 filicamque
541 1518 790 1566 faciendam
812 1520 989 1569 curavit
1003 1556 1017 1577 ,
1036 1538 1137 1585 quae
1155 1521 1309 1585 postea
1329 1523 1542 1588 Sempro-

259 1594 335 1656 nia
360 1593 578 1655 appellata
611 1592 687 1639 est.

325 1667 471 1713 Xvu.
497 1666 589 1711 Jam
617 1665 664 1710 in
688 1665 811 1712 exitu
839 1683 980 1713 annus
1007 1679 1124 1726 erat,
1144 1671 1194 1716 &
1224 1680 1408 1732 propter
1437 1672 1541 1717 Ma-

260 1737 473 1787 cedonici
502 1737 698 1783 maxime
736 1737 842 1784 belli
878 1755 1025 1785 curam
1058 1739 1104 1785 in
1138 1740 1417 1788 sermonibus
1449 1741 1540 1788 ho-

259 1812 403 1859 mines
436 1810 686 1870 habebant,
715 1827 832 1873 quos
864 1811 910 1856 in
949 1829 1117 1858 annum
1155 1812 1360 1860 consules
1395 1814 1448 1860 ad
1482 1813 1540 1860 fi-

261 1885 479 1930 niendum
512 1884 688 1930 tandem
715 1883 759 1928 id
787 1884 954 1930 bellum
983 1897 1198 1932 crearent.
1233 1885 1383 1948 itaque
1409 1885 1538 1933 sena-

260 1956 584 2004 tusconsultum
622 1957 783 2005 fafitum
815 1958 902 2015 est,
930 1971 979 2004 ut
1014 1960 1100 2005 Cn.
1134 1958 1350 2005 Servilius
1390 1959 1545 2022 primo-

258 2046 445 2094 quoque
479 2042 686 2092 tempore
720 2030 776 2076 ad
795 2030 977 2076 comitia
1003 2030 1202 2076 habenda
1233 2031 1421 2078 veniret.
1456 2033 1538 2078 Se-

260 2100 644 2148 natusconsultum
685 2101 904 2164 Sulpicius
945 2114 1112 2163 praetor
1148 2102 1201 2147 ad
1237 2101 1467 2149 consulem
1508 2106 1535 2130 ⁴*

261 2175 362 2239 post
382 2190 549 2237 paucos
572 2175 665 2222 dies
691 2175 899 2222 recitavit
913 2212 926 2233 ⁹
946 2176 1108 2237 quibus
1128 2187 1229 2221 ante
1249 2175 1367 2220 diem
1394 2178 1419 2201 ⁴*
1435 2177 1461 2200 ⁴*
1487 2175 1537 2222 in

260 2248 417 2294 urbem
448 2258 705 2293 venturum.
733 2249 787 2292 Et
808 2246 963 2293 consul
994 2246 1258 2302 maturavit,
1284 2248 1332 2293 &
1351 2245 1537 2293 comitia

261 2336 317 2367 eo
333 2318 422 2375 die,
443 2316 522 2382 qui
542 2318 680 2364 dicius
697 2330 814 2374 erat,
832 2317 928 2363 sunt
946 2317 1150 2379 pert'ecla.
1167 2317 1383 2364 Consules
1402 2316 1537 2363 creati

263 2396 312 2439 L.
341 2391 545 2439 AEmilius
575 2392 749 2438 Paullus
779 2393 938 2438 iterum
957 2427 969 2448 ‚
993 2391 1179 2452 septimo
1207 2390 1384 2437 decimo
1414 2406 1537 2436 anno

261 2466 495 2530 postquam
516 2467 664 2528 primo
690 2466 846 2514 consul
867 2465 1029 2524 fuerat,
1049 2467 1098 2514 &
1119 2466 1172 2512 C.
1196 2464 1391 2512 Licinius
1411 2463 1535 2510 Cras-
