1673 3052
279 190 366 249 148
636 188 1332 236 T1T·1L1V11·1

275 297 372 345 Cris-
391 296 608 355 navibus,
642 295 860 353 absumti3
889 296 1050 359 partim
1081 312 1251 347 nervos
1279 296 1563 347 succiderunt

274 370 323 421 in
352 370 488 417 litore
515 368 804 416 Macedones.
834 367 1001 431 viginti
1030 369 1211 417 eximiae
1238 386 1380 434 equos
1401 371 1563 418 formae

275 459 381 492 cum
411 441 605 506 captivis
627 441 805 488 eosdem
825 441 980 489 decem
999 441 1173 491 lembos
1186 477 1201 500 ,
1218 459 1336 507 quos
1354 459 1456 491 ante
1473 445 1562 491 mi-

274 515 417 572 serat,
452 516 660 561 Antenor
692 515 915 563 devehere
945 515 1307 564 Thessalonicam
1336 516 1481 576 justit,
1511 519 1563 564 &

274 588 426 651 primo
449 603 632 650 quoque
664 599 870 650 tempore
895 588 952 634 ad
980 589 1153 636 claffem
1175 591 1370 637 reverti:
1401 590 1564 637 Phanis

274 659 330 708 se.
355 675 436 709 eos
480 659 852 722 exspefilaturum.
890 660 1116 707 Triduum
1151 660 1470 710 fermeclaffis
1508 663 1565 708 ad

274 732 432 781 urbem
465 731 594 780 stetit.
631 733 804 780 Phanas
837 732 941 779 inde
969 734 1185 797 progreffi
1223 735 1458 794 sunt,.&,
1490 735 1579 797 spe.

271 805 460 855 celerius
493 806 680 852 reversis
712 807 866 854 decem
885 806 1065 867 lembis,
1091 807 1238 856 eveffi
1267 798 1564 913 AEgaeo*mari

275 881 448 930 Delum
474 879 765 940 trajecerunt.

338 955 514 1000 XXIX.
548 953 675 1000 Dum
707 953 803 1002 haec
831 966 1075 1018 geruntur,
1101 952 1234 1018 legati
1260 910 1486 1008 Romani,
1505 952 1563 999 C.

275 1025 520 1089 Popillius,
538 1027 659 1073 &Q
680 1027 943 1084 Decimius,
963 1028 1087 1075 &Q
1110 1025 1359 1084 Hostilius,
1378 1025 1565 1073 aChal-

275 1099 376 1163 cide
410 1099 629 1164 profem,
650 1100 791 1147 tribus
825 1099 1430 1163 quinqueremibusDelum·
1459 1115 1566 1146 cum

278 1172 526 1234 yeniss'ent‚
549 1173 722 1219 lembos
751 1172 814 1218 ibi
847 1173 1151 1219 Macedonum
1177 1172 1492 1235 quadraginta,
1514 1173 1566 1235 ὃς

276 1247 480 1311 quinque
508 1246 622 1310 regis
654 1246 864 1293 Eumenis
898 1247 1242 1310 quinqueremes
1274 1245 1567 1308 invenerunt.

276 1320 492 1368 Saneritas
539 1318 694 1382 templi
737 1317 984 1380 insulaeque
1034 1318 1287 1365 inviolatos
1335 1317 1568 1379 praestabat

277 1409 454 1440 omnes.
484 1395 636 1455 Itaque
662 1392 876 1455 permixti
909 1389 1195 1454 Romanique
1223 1392 1273 1438 &
1293 1392 1569 1443 Macedones

276 1468 330 1515 &
356 1467 565 1522 Eumenis
590 1466 774 1513 navales
805 1465 919 1513 socii
948 1466 995 1512 in
1022 1464 1441 1527 templo,.indncias
1458 1464 1568 1511 reli-

277 1542 413 1606 gione
436 1541 529 1588 loci
559 1540 815 1603 praebente,
835 1538 1142 1586 versabantur.
1167 1539 1399 1596 Antenor,
1424 1537 1567 1584 Persei

278 1615 545 1679 praefectus,
566 1630 667 1661 cum
688 1614 860 1676 aliquas
880 1612 973 1658 alto
999 1609 1201 1674 praeferri
1222 1609 1458 1676 onerarias
1486 1626 1570 1656 na-

280 1706 362 1738 ves
382 1705 438 1735 ex
459 1686 646 1750 speculis
666 1652 958 1749 fignificatum
989 1683 1132 1739 foret,
1157 1694 1283 1745 parte
1312 1681 1568 1730 lemborum

279 1762 372 1826 ipse
400 1761 665 1825 insequens,
685 1771 810 1822 parte
835 1775 912 1821 per
933 1757 1161 1821 Cycladas
1190 1754 1423 1819 disposita,
1450 1772 1567 1819 prae-

280 1849 486 1899 terquam
514 1834 545 1880 fi
569 1851 671 1898 quae
698 1831 1013 1880 Macedoniam
1047 1842 1282 1894 peterent,
1304 1845 1462 1879 omnes
1490 1839 1567 1876 aut

281 1908 613 1973 supprimebat,
639 1918 715 1952 aut
744 1904 964 1969 spoliabat
992 1920 1143 1951 naves.
1174 1903 1338 1968 quibus
1364 1914 1569 1964 poterat,

281 1980 502 2044 Popillius
524 1991 598 2026 aut
619 1977 830 2025 Eumenis
862 1993 1000 2024 naves
1021 1976 1302 2024 succurrebat
1320 1993 1330 2021 :
1352 1974 1425 2021 sed
1450 1975 1568 2022 vecti

283 2054 417 2101 nocte
436 2052 554 2098 binis
574 2064 648 2098 aut
667 2051 804 2097 ternis
831 2049 1094 2112 plerumque
1116 2046 1273 2095 lembis
1297 2046 1569 2094 Macedones

279 2128 505 2175 fallebant.
537 2127 619 2172 Per
640 2125 684 2173 id
703 2125 793 2170 fere
812 2135 989 2184 tempus
1009 2121 1142 2185 legati
1164 2119 1438 2167 Macedones
1454 2119 1568 2183 llly-

284 2199 430 2262 riique
460 2197 586 2245 fimul
612 2196 829 2242 Rhodum
860 2207 1087 2240 venerunt
1104 2229 1117 2251 ,
1138 2192 1302 2256 quibus
1326 2191 1568 2239 auetorita-

282 2287 372 2321 tem
393 2273 562 2321 addidit
587 2287 681 2317 non
700 2271 951 2316 lemborum
980 2268 1121 2315 modo
1147 2268 1394 2323 adventus,
1413 2265 1567 2328 paflim

283 2363 365 2410 per
397 2344 621 2409 Cycladas
651 2356 786 2407 atque
809 2344 1006 2404 AEgaeum
1034 2341 1295 2405 vagantium
1322 2355 1466 2395 mare,
1495 2337 1569 2384 sed

282 2420 415 2466 etiam
441 2417 702 2480 conjunffio
734 2416 824 2478 ipsa
853 2433 1008 2479 regum
1040 2415 1183 2462 Persei
1214 2413 1489 2476 Gentiique,
1517 2413 1568 2457 &

284 2491 398 2538 fama
421 2509 522 2540 cum
545 2506 710 2554 magno
729 2504 920 2536 numero
943 2487 1145 2551 peditum
1172 2485 1465 2551 equitumque
1487 2497 1568 2530 ve-
