1673 3052
301 190 389 235 144
655 174 1224 226 T1T1L1V11

293 279 604 344 phalerasque,
630 282 680 328 ὃ(
713 280 887 344 sagula,
916 281 1086 330 donum
1121 283 1398 347 principibus
1426 280 1572 341 ferre,

295 355 346 401 &
377 371 527 416 parum
549 353 672 412 auri,
697 354 823 417 quod
852 353 970 401 inter
992 373 1161 417 paucos
1188 356 1431 416 divideret,
1459 357 1574 404 mul·

293 425 746 474 titudinemwredens
787 425 901 472 trahi
936 426 1008 489 spe
1048 429 1186 491 posse.
1228 430 1300 477 Ad
1338 430 1573 479 Almanam

294 497 451 546 urbem
476 498 709 561 pervenit,
733 499 846 546 &in
869 498 965 562 ripa
993 499 1191 548 fluminis
1209 502 1314 550 Axii
1333 502 1482 566 posuit
1501 520 1576 552 ca-

296 572 394 619 stra.
423 571 543 619 circa
567 570 849 618 Desudabam
873 570 921 617 in
940 571 1135 619 Maedica
1163 573 1386 624 exercitus
1414 575 1577 622 Gallo-

295 659 395 690 rum
429 642 716 701 consederat,
737 643 988 690 mercedem
1019 644 1191 706 paRam
1219 646 1474 709 opperiens.
1505 648 1576 694 Eo

252 776 254 778 Ι
297 714 435 762 mittit
453 716 758 779 Antigonum,
778 731 835 760 ex
865 715 1118 777 purpuratis
1148 733 1288 764 unum
1305 750 1320 775 ,
1350 719 1428 782 qui
1454 718 1578 778 jube-

297 801 365 836 ret
379 825 393 846 ‚
414 788 749 836 multitudinem
767 787 1008 835 Gallorum
1033 788 1086 836 ad
1102 789 1324 852 Bylazora
1349 790 1578 854 (Paeoniae

297 862 334 910 is
355 862 483 910 locus
509 859 599 926 est)
618 861 756 908 castra
784 876 998 918 movere,
1025 860 1249 924 principes
1277 861 1333 908 ad
1359 861 1400 909 se
1419 863 1577 911 venire

297 935 567 999 frequentes.
595 932 872 997 septuaginta
898 932 1094 996 quinque
1113 933 1251 981 millia
1271 935 1327 982 ab
1345 935 1466 983 Axio
1486 936 1578 984 flu-

297 1007 420 1054 mine
440 1009 489 1054 &
511 1005 661 1053 castris
689 1005 803 1069 regis
831 1004 1027 1051 aberant.
1056 1006 1166 1052 Haec
1184 1006 1391 1053 mandata
1414 1008 1469 1054 ad
1497 1025 1578 1056 eos

298 1095 402 1126 cum
430 1077 677 1141 pert·.2liffet
699 1076 979 1140 Antigonus,
999 1075 1308 1140 adjecissetque
1322 1114 1336 1137 ,
1356 1095 1435 1140 per
1456 1078 1584 1131 viam¹

296 1166 465 1216 quanta
489 1152 692 1199 omnium
729 1162 971 1214 praeparata
1001 1168 1107 1198 cura
1133 1150 1247 1214 regis
1273 1152 1406 1215 copia
1428 1153 1578 1201 multi·

297 1226 443 1276 tudini
465 1225 609 1284 foret,
637 1223 882 1287 quibusque
909 1223 1166 1271 muneribus
1186 1223 1412 1287 principes
1436 1227 1579 1274 adve-

297 1301 503 1358 nientes,
537 1298 701 1356 vestis,
731 1298 928 1362 argenti,
964 1314 1274 1361 equorumque
1308 1313 1578 1362 excepturus

297 1391 378 1422 rex
388 1374 511 1431 esset,
530 1373 583 1418 de
598 1373 666 1418 his
685 1372 863 1435 quidem
880 1370 920 1416 se
939 1386 1090 1418 coram
1110 1371 1375 1433 cognituros
1394 1372 1576 1435 respon·

297 1448 420 1494 dent.
450 1444 585 1502 illud,
605 1444 732 1507 quod
751 1442 940 1506 praesens
964 1441 1251 1506 pepigissent,
1271 1443 1576 1509 interrogant,

297 1516 461 1581 ecquid
481 1533 665 1574 aurum,
687 1514 812 1578 quod
838 1514 886 1562 in
908 1515 1102 1579 singulos
1121 1515 1288 1577 pedites
1317 1517 1588 1581 equitesque*

297 1590 592 1637 dividendum
610 1588 713 1635 esset
725 1624 738 1644 ‚
756 1588 901 1636 secum
916 1589 1186 1636 adduxisset?
1203 1592 1318 1638 Cum
1332 1593 1387 1637 ad
1400 1592 1444 1638 id
1464 1591 1579 1639 nihil

297 1664 667 1727 responderetur,
692 1663 942 1710 Clondicus
962 1663 1140 1726 regulus
1170 1680 1353 1721 eorum,
1374 1666 1465 1711 Abi
1479 1700 1493 1721 ‚
1515 1684 1578 1712 re-

298 1741 450 1785 nuntia
480 1755 571 1800 ergo
586 1772 600 1794 ‚
621 1736 767 1800 inquit
782 1773 796 1793 ‚
818 1741 899 1799 regi
913 1773 926 1794 ‚
948 1738 1033 1801 nisi
1050 1755 1198 1783 aarum
1220 1738 1446 1802 obsidesque
1464 1756 1579 1785 acce-

294 1809 445 1873 piffent
459 1845 471 1867 ,
493 1810 696 1869 nusquam
717 1812 812 1854 inde
841 1809 992 1854 Gallos
1012 1812 1180 1870 longius
1210 1810 1416 1874 vestigium
1439 1827 1580 1856 motu-

300 1902 382 1930 ros.
405 1883 512 1929 Haec
528 1882 662 1928 relata
682 1880 774 1944 regi
795 1898 894 1927 cum
924 1881 1059 1928 effent
1074 1917 1088 1939 ,
1111 1881 1338 1928 advocato
1359 1881 1549 1928 consilio
1563 1917 1580 1941 ,

300 1971 433 2011 cum,
461 1953 570 2016 quid
607 1969 764 1999 omnes
796 1951 963 1999 suasuri
991 1952 1149 2011 essent,
1179 1965 1436 2015 appareret,
1463 1952 1578 2016 ipse,

301 2026 535 2090 pecuniae,
569 2043 701 2088 quam
737 2025 892 2088 regni,
926 2026 1087 2072 melior
1123 2024 1298 2082 custos,
1335 2024 1492 2072 institit
1524 2027 1581 2072 de

301 2097 484 2161 perfidia
503 2099 553 2145 &
572 2097 740 2143 feritate
759 2097 995 2144 Gallorum
1015 2096 1231 2145 disserere.
1246 2102 1474 2144 Multorum
1483 2097 1583 2155 jam

302 2189 396 2218 ante
416 2174 605 2217 cladibus
624 2187 831 2232 expertum
847 2205 861 2225 ‚
873 2172 1147 2231 periculosum
1165 2171 1238 2234 effi
1250 2207 1263 2228 ,
1285 2187 1448 2217 tantam
1469 2173 1580 2217 mul·

301 2249 518 2292 citudinem
551 2248 596 2291 in
632 2246 927 2291 Macedoniam
961 2249 1163 2304 accivere,
1190 2263 1239 2290 ne
1270 2246 1479 2306 graviores
1511 2263 1579 2290 eos

290 2320 435 2380 socios
455 2320 655 2373 habeant,
677 2337 800 2378 quam
828 2319 951 2383 hostes
971 2321 1203 2363 Romanos.
1231 2319 1426 2379 Quinque
1444 2320 1581 2363 millia

301 2395 479 2453 equitum
500 2392 575 2450 sac
598 2389 691 2454 effix,
722 2393 869 2451 quibus
905 2388 947 2436 G*
976 2394 1037 2436 uti
1061 2394 1120 2436 ad
1150 2394 1296 2437 bellum
1313 2388 1502 2455 poffinc,
1536 2386 1580 2437 ἆ·

301 2483 469 2526 quorum
490 2466 788 2511 multitudinem
814 2463 895 2527 ipsi
917 2482 1001 2511 nou
1019 2467 1208 2510 timeam.
