1673 3052
299 170 397 216 440
471 156 564 203 JO.
599 154 1098 203 EREINSHEMH
1138 157 1496 215 SUPPLEM.

302 264 436 315 fugam
464 263 686 311 Viriathus,
721 265 757 303 ἂ
798 264 847 303 ad
873 265 1030 303 Veneris
1065 273 1240 305 montem
1269 266 1465 318 repulsus,
1492 266 1598 308 haud

304 328 485 377 exiguam
510 326 615 376 spem
638 325 754 366 dabat
777 321 950 378 gloriosae
975 326 1122 367 laureae.
1161 328 1251 380 sed,
1273 337 1317 368 ut
1335 328 1453 368 infida
1472 328 1598 368 homi·

306 387 421 427 nibus
443 386 677 438 exspectatio
705 400 852 439 magnae
875 389 1039 428 fortunae
1069 389 1142 429 esse
1167 389 1265 430 solet
1280 421 1292 439 ,
1315 391 1494 431 conversa
1518 391 1598 431 sors

305 452 358 490 est
380 449 582 500 eruptione
608 447 734 488 subita
758 447 923 488 hostium
940 481 951 499 ,
973 462 1047 500 qua
1076 450 1205 491 multis
1232 453 1442 503 pugnando
1470 453 1569 492 caesis
1584 483 1597 502 ‚

308 515 344 554 ἃ
368 513 478 564 signis
504 511 732 562 quibusdam
757 512 898 562 ereptis
926 511 1153 553 militaribus
1170 543 1183 560 ,
1207 513 1427 554 Romanum
1452 513 1598 555 exerci-

249 570 252 571 ⁷
308 582 394 614 tum
426 575 466 613 in
497 574 615 613 castra
643 573 708 612 sua
737 576 964 623 rejecerunt.
1001 574 1098 613 Inde
1125 574 1320 628 Viriathus
1343 576 1493 616 Itucam
1526 577 1600 615 de-
1627 604 1629 606 -

309 637 440 684 flexit,
457 637 722 687 oppidumque
745 636 866 686 istud,
880 635 1041 687 expulso
1065 638 1236 688 praefidio
1251 637 1447 686 Romano,
1468 638 1598 689 cepit3

306 699 402 739 inde
431 698 587 738 vastavit
612 698 890 746 Bastetaniam,
925 712 1004 739 non
1033 698 1264 750 prohibente
1295 701 1504 752 Quinetio,
1533 701 1599 751 qui

311 776 382 814 per
409 762 642 813 imperitiam
668 762 915 812 &ignaviam
940 763 1072 802 medio
1093 762 1222 803 adhuc
1248 772 1433 804 autumno
1451 765 1492 804 in
1511 763 1603 804 Cor-

315 825 496 865 dubensia
523 824 684 864 hiberna
713 823 972 865 concesserat:
1007 839 1225 877 quanquam
1250 826 1412 870 subinde
1441 839 1601 870 manum

315 889 510 940 quandam
532 887 754 934 emitteret,
780 887 822 926 C.
845 887 992 928 Marcio
1010 889 1133 937 duce,
1160 889 1286 940 quiex
1310 889 1443 929 Italica
1464 888 1602 940 Hispa-

309 954 385 993 niae
414 964 533 1003 genus
564 951 732 998 ducens,
757 949 934 990 locorum
959 953 995 991 δι
1015 950 1109 990 belli
1132 952 1274 1003 peritus
1294 950 1522 992 habebatur.

367 1022 437 1062 XI.
466 1021 610 1063 Mirum
638 1021 760 1059 videri
782 1030 918 1071 queat,
943 1035 1063 1061 unum
1094 1021 1291 1062 hominem
1313 1021 1428 1062 nullis
1449 1022 1522 1063 suis
1549 1023 1603 1062 vi-

309 1083 442 1132 ribus,
466 1083 571 1122 nulla
598 1092 851 1134 cognatorum
877 1086 1052 1134 potentia
1078 1084 1245 1133 fultum,
1270 1097 1320 1124 ne
1346 1084 1482 1135 populi
1511 1085 1603 1135 qui-

301 1141 405 1190 dem
431 1146 580 1195 judicio
609 1146 773 1186 eledtum
791 1177 801 1194 ,
824 1155 883 1186 tot
907 1159 974 1196 per
997 1159 1116 1185 annos
1140 1159 1244 1187 arma
1269 1146 1406 1198 populi
1436 1146 1602 1188 Romani

310 1209 548 1250 sustinuiffe:
583 1223 716 1248 verum
750 1211 946 1249 enimvero
980 1218 1128 1249 tantum
1165 1210 1204 1248 in
1235 1222 1282 1248 eo
1313 1209 1460 1249 virtutis
1485 1209 1624 1257 roburv

311 1272 409 1319 fuit.
437 1280 480 1310 ut
503 1285 522 1310 a
550 1271 588 1310 se
614 1272 766 1322 explere
788 1272 935 1322 posset,
963 1272 1151 1322 quidquid
1175 1272 1332 1311 fortuna
1359 1271 1449 1320 dare
1475 1271 1604 1322 negle-

312 1340 435 1373 xerat.
462 1333 620 1372 Animus
646 1333 847 1373 adversum
873 1333 1044 1384 pericula
1068 1335 1303 1385 intrepidus,
1328 1332 1511 1385 sagacitas
1538 1336 1606 1374 in-

313 1408 407 1447 gens
423 1425 434 1443 ‚
456 1396 592 1445 peritia
625 1395 800 1435 militaris
826 1397 878 1436 rei
908 1395 1081 1445 summa,
1104 1409 1245 1446 corpus
1268 1395 1452 1436 edoetum
1483 1397 1605 1436 animi

313 1459 476 1509 imperia
498 1458 617 1509 sequi.
640 1460 710 1499 His
728 1461 909 1500 omnibus
935 1461 1115 1511 justitiam
1131 1491 1142 1509 ,
1166 1460 1470 1508 humanitatem,
1493 1459 1605 1499 absti-

314 1522 487 1561 nentiam
505 1522 768 1561 incredibilem
792 1524 1005 1564 addiderat.
1025 1525 1150 1564 Pastas
1166 1524 1280 1564 armis
1296 1537 1388 1574 opes
1404 1523 1504 1562 inter
1518 1522 1606 1562 suos

317 1584 524 1634 aequiffima
546 1586 756 1635 partitione
780 1586 1004 1627 dividebat:
1032 1585 1108 1637 ipse
1130 1584 1229 1625 nihil
1245 1585 1334 1625 inde
1349 1584 1605 1636 locupletior,

315 1646 455 1685 eodem
485 1658 705 1693 armorum,
732 1646 912 1693 vestium,
942 1646 1186 1698 corporisque
1211 1644 1343 1694 cultu,
1363 1659 1440 1696 quo
1462 1643 1606 1686 bellare

316 1716 510 1759 coeperat,
532 1706 615 1757 post
638 1714 696 1746 tot
720 1707 884 1759 insignes
909 1709 1086 1748 victorias
1106 1720 1220 1759 agere
1244 1707 1519 1758 perseverabat.

370 1780 464 1820 XII.
485 1780 601 1819 Hunc
623 1788 798 1819 tenorem
813 1782 899 1820 vitae
916 1781 1020 1821 nulla
1040 1780 1258 1820 solemnitas
1273 1781 1453 1820 festorum
1468 1812 1479 1830 ‚
1498 1778 1604 1819 nulla

316 1843 484 1883 remissio
512 1843 657 1891 animi,
684 1856 732 1882 ne
764 1846 982 1893 nuptiarum
1017 1845 1175 1895 quidem
1210 1843 1391 1883 omnibus
1422 1843 1603 1893 gentibus

319 1903 620 1953 hominibusque
651 1904 811 1953 probata
846 1904 1014 1944 hilaritas
1041 1904 1117 1943 ulla
1144 1918 1190 1944 ex
1213 1912 1317 1954 parte
1348 1905 1608 1953 interrumpe-

320 1967 396 2006 bat.
437 1967 536 2006 Cum
563 1967 664 2005 enim
691 1967 861 2006 ditissimi
887 1968 1085 2017 cujusdam
1111 1968 1179 2006 viri
1204 1967 1323 2006 ffliam
1355 1966 1606 2006 matrimonio

319 2033 520 2080 jungeret,
552 2029 753 2079 multisque
778 2030 929 2081 poculis
957 2031 1079 2070 aureis
1104 2029 1390 2081 argenteisque,
1411 2028 1610 2079 multaque

320 2091 482 2142 stragula
502 2092 601 2130 veste
621 2092 753 2130 eximii
771 2093 896 2143 operis
917 2093 1144 2133 adornatum
1172 2090 1379 2130 triclinium
1397 2089 1485 2130 effet
1498 2121 1509 2138 ‚
1525 2089 1609 2129 haec

317 2153 487 2193 allevans
503 2153 635 2192 lancea
649 2185 660 2201 ,
679 2155 723 2191 ab
739 2156 804 2193 hac
819 2158 962 2208 pendere
979 2155 1041 2207 {fta
1054 2154 1171 2192 omnia
1188 2153 1299 2192 dixit.
1320 2153 1359 2194 M
1368 2151 1488 2192 ultum
1504 2152 1609 2191 dein-

326 2216 374 2254 de
402 2223 577 2264 rogatus,
604 2228 641 2252 ut
665 2216 758 2253 lom<
782 2217 1015 2263 accumberet,
1041 2227 1118 2253 non
1144 2214 1293 2265 paruit3
1319 2213 1383 2253 sed
1409 2226 1455 2252 ex
1477 2213 1613 2252 instru-

321 2277 492 2318 ctiffimis
514 2278 648 2316 mensis
677 2278 799 2325 nihil,
827 2279 892 2317 nili
915 2292 1052 2329 panem
1072 2279 1106 2318 Sc
1123 2290 1276 2325 carnes,
1304 2276 1468 2324 tollens,
1493 2275 1611 2314 dabat

324 2340 534 2379 comitibus
560 2339 660 2388 sui33
686 2343 721 2380 ἃ
744 2341 821 2391 ipse
843 2341 941 2380 stans
965 2340 1197 2380 comedebat
1222 2338 1328 2379 haud
1353 2339 1441 2379 diu:
1467 2337 1609 2377 deinde

365 2470 389 2513 5
420 2468 480 2503 ΧΙ.
503 2468 671 2511 Just2114,
698 2480 752 2511 47.
773 2470 846 2504 Cic.
869 2471 908 2505 de
925 2470 1018 2505 offic.
1042 2481 1151 2512 2,11.
1432 2428 1456 2454 .
