1673 3052
308 160 402 224 384
468 162 563 208 io,
604 157 1100 205 FRssiNsHEMH
1132 158 1497 206 suppum.

305 271 392 311 fuit.
420 270 507 309 Huc
531 267 609 318 ipse
632 266 792 306 navibus
819 277 886 316 per
905 265 1101 315 stagnum,
1126 264 1169 306 C.
1194 265 1310 305 Laelio
1332 263 1492 306 terrestri
1515 266 1595 306 itia·

307 344 397 371 nere
412 328 667 369 circummisso
681 359 692 375 ‚
708 340 796 366 cum
822 326 1056 376 adveniffet,
1076 326 1190 366 castra
1213 328 1261 366 ad
1289 337 1446 367 centum
1464 327 1594 378 'quin--

307 393 486 444 quaginta
508 389 630 441 paffus
651 389 697 428 ab
722 389 827 428 hoste
851 396 1038 435 metatus,
1057 386 1287 438 relietoque,
1304 388 1354 428 ad
1367 388 1478 432 Afros
1493 400 1585 428 con-

308 457 472 493 tinenter
497 451 732 491 infestandos
746 482 758 499 ‚
773 449 926 490 Guluffa
938 479 950 496 ,
971 461 1135 500 propere
1147 448 1587 500 Carthaginem.red;iit,

307 528 357 554 ne
376 514 539 565 spatium
562 513 764 552 temeritati
785 511 939 551 suorum
953 541 965 557 ,
985 518 1051 550 aut
1076 508 1243 550 hostium
1259 511 1425 562 ingeniis
1447 512 1599 564 despe2

306 576 546 626 rationique,
574 576 624 614 ad
646 574 871 614 mutandam
897 571 987 612 belli
1011 572 1205 611 fortunam
1234 573 1350 612 daret.
1387 575 1512 624 Atque
1536 574 1605 614 ita<-

307 639 443 689 saepius
467 638 567 690 pltro
591 637 763 686 citroque
785 634 1042 674 commeando
1059 633 1191 686 (abest
1210 643 1340 674 autem
1357 634 1590 686 Carthagine

307 701 497 753 Nepheris
521 700 638 740 tribus
662 699 783 738 ferme
810 699 846 738 δε
869 697 1004 748 viginti
1026 696 1203 748 passuum
1228 696 1590 747 millibus).necubi

309 777 367 804 res
387 764 460 803 suae
484 764 759 802 detrimentum
783 769 988 812 caperent,
1004 760 1150 800 strenue
1170 761 1413 812 providebat.
1435 798 1439 801 ,

363 833 495 875 XXII.
524 832 628 872 Inter
655 831 737 870 haec
761 839 984 881 oppugnata
1009 830 1197 870 machinis
1220 831 1487 871 Romanorum
1512 830 1590 870 Pu-

310 898 397 937 nica
410 893 739 944 castra‚collapso,
756 893 861 943 quod
881 894 980 931 inter
996 900 1070 931 tres
1091 900 1212 931 turres
1229 892 1375 941 fuerat,
1393 903 1590 932 murorum

310 960 458 1010 spatio,
481 958 629 997 aditum
651 956 940 1006 patefecerunt3
965 967 1054 993 cum
1081 954 1347 1004 superveniens
1371 954 1502 1004 Scipio
1519 953 1590 993 tria

313 1022 549 1062 delectorum
583 1017 702 1056 millia
724 1018 850 1056 facere
875 1015 1215 1067 impetum-jubet,
1241 1015 1440 1055 ordinibus
1465 1016 1507 1054 in
1531 1013 1592 1054 al·

311 1093 396 1123 tum
414 1085 467 1121 ita
490 1079 673 1128 densatis,
690 1088 755 1127 ut,
776 1078 920 1118 etiamsi
946 1086 1167 1128 urgerentur
1188 1078 1322 1126 primi,
1339 1077 1592 1115 incumbente

312 1155 443 1186 tamen
466 1144 620 1183 suorum
648 1142 844 1192 pondere,
873 1140 1013 1190 pedem
1037 1152 1112 1189 quo
1139 1138 1321 1176 referrent
1347 1151 1426 1176 non
1448 1137 1594 1183 haben-

313 1217 394 1256 tes,
419 1208 458 1245 vi
488 1217 532 1244 ac
559 1203 776 1243 neceffitate
802 1214 1048 1253 perrumpere
1075 1208 1312 1250 cogerentur.
1341 1198 1444 1238 Dum
1468 1197 1518 1237 ab
1545 1210 1591 1237 ea

314 1279 423 1322 parte
445 1281 583 1318 magno
609 1265 777 1305 clamore
801 1264 1023 1314 magnisque
1054 1262 1197 1302 viribus
1231 1269 1421 1309 certatur,
1445 1273 1468 1298 a
1489 1259 1595 1299 millo

314 1336 365 1375 ad
390 1333 466 1372 hoc
498 1345 518 1371 a
551 1329 704 1370 consule
732 1329 888 1368 delectis
920 1327 1036 1367 castra
1071 1335 1182 1376 capta
1209 1324 1295 1363 sunt
1319 1337 1328 1363 ε
1366 1325 1431 1374 qui
1460 1322 1594 1374 negle-

316 1398 421 1436 ‹ftum
446 1407 467 1433 a
496 1391 641 1432 diverso
679 1390 798 1430 latere
830 1388 999 1436 vallum,
1027 1387 1205 1427 omnibus
1232 1387 1272 1424 in
1296 1392 1476 1423 eventum
1499 1384 1596 1435 peri·

316 1457 410 1504 culi,
437 1455 540 1505 quod
565 1462 653 1492 ante
679 1451 812 1491 oculos
829 1451 1048 1498 habebant,
1070 1449 1248 1496 intentis,
1273 1446 1600 1487 transcenderunt.

316 1519 396 1560 Afri
410 1549 421 1567 ,
447 1516 668 1567 conspefflffi
691 1516 786 1553 intra
812 1512 954 1552 vallum
980 1511 1103 1550 hostes
1123 1522 1321 1548 numerare
1342 1521 1421 1546 non
1442 1506 1598 1558 permit-

318 1591 422 1622 tente
442 1588 567 1627 metu,
593 1588 775 1627 tanquam
807 1584 909 1614 totus
941 1574 1204 1613 Romanorum
1229 1569 1417 1610 exercitus
1447 1567 1598 1619 irrupis-

319 1644 397 1689 set,
423 1640 539 1680 effusa
569 1640 660 1689 fuga
686 1638 722 1676 se
751 1636 876 1675 castris
899 1637 1103 1684 ejecerunt.
1130 1631 1187 1671 lbi
1213 1630 1428 1682 patentibus
1443 1631 1484 1669 in
1502 1629 1619 1669 locis·

316 1705 488 1757 palantes
519 1702 680 1751 adeptus
710 1697 862 1738 Guiuffa
883 1710 970 1735 cum
992 1694 1207 1745 elephantis
1232 1691 1485 1742 Numidisque
1510 1690 1598 1738 suis,

318 1770 516 1819 ingentem
550 1764 694 1804 caedem
727 1763 833 1800 fecit.
874 1759 1061 1799 interfeffi
1092 1758 1270 1797 dicuntur
1297 1768 1343 1794 eo
1372 1754 1434 1793 die
1459 1752 1598 1792 milites

318 1828 572 1880 agrestesque,
596 1827 705 1875 cujus
726 1824 872 1874 generis
903 1822 950 1860 ad
973 1830 1212 1859 commeatus
1234 1816 1434 1857 vehendos
1458 1827 1597 1865 magna

320 1893 359 1930 in
395 1890 516 1929 castris
553 1887 763 1927 multitudo
789 1885 940 1929 fuerat,
966 1883 1015 1921 ad
1047 1881 1283 1931 septuaginta
1313 1877 1456 1927 millia,
1481 1884 1595 1927 capta

322 1956 484 2000 decenn
513 1953 634 1990 ferme
659 1958 821 2000 quatuor
846 1946 966 1985 millia
995 1943 1177 1995 effugisse.
1396 1991 1398 1993 ‚

376 2022 527 2065 XXHI.
556 2023 639 2062 Nec
670 2030 799 2058 tamen
830 2017 954 2056 statim
982 2014 1103 2064 recipi
1131 2011 1321 2063 Nepheris
1345 2008 1496 2060 potuit,
1516 2019 1600 2058 quae

321 2096 439 2137 petrae
462 2082 622 2135 praealtae
659 2079 857 2130 imposita,
889 2077 1016 2116 adhuc
1052 2077 1146 2114 duos
1173 2078 1205 2114 δι
1228 2074 1364 2124 viginti
1391 2072 1471 2111 dies
1494 2070 1601 2110 exer·
1620 2114 1628 2118 -

322 2151 444 2189 citum
479 2152 710 2195 occupatum
747 2142 891 2187 tenuit,
926 2147 1032 2177 tanto
1058 2134 1260 2177 difficiliori
1288 2133 1599 2185 oppugnatione,

324 2220 466 2261 quanto
500 2210 539 2248 in
568 2207 661 2247 locis
688 2204 823 2254 asperis
860 2202 1016 2240 hiberna
1049 2200 1189 2248 frigora
1216 2196 1482 2237 vehementius
1511 2193 1598 2232 sen-

322 2276 480 2312 tiuntur.
506 2271 580 2312 Sed
605 2281 787 2319 magnum
811 2278 934 2315 opera*
962 2263 1124 2313 pretium
1148 2262 1196 2300 ab
1224 2260 1294 2299 hac
1318 2256 1599 2309 expugnatione

325 2334 471 2375 consuli
497 2333 582 2372 fuit.
620 2331 757 2370 eodem
783 2330 885 2367 enim
914 2326 994 2366 fato
1024 2324 1263 2374 Carthaginis
1294 2323 1390 2362 vires
1415 2318 1600 2358 cecidere.

373 2471 393 2513 β
424 2469 515 2501 XXI.
538 2467 660 2500 Zonar.
677 2465 821 2509 Appian.
839 2464 945 2496 Strab.
965 2465 985 2496 1.
1013 2472 1061 2494 ι’.
1087 2461 1107 2503 ,Ε
1129 2458 1235 2494 XXII.
1255 2458 1330 2492 Liv.
1348 2455 1438 2500 Epir.
1454 2452 1603 2499 Appian-
