1673 3052
302 190 326 220 a
669 173 1239 226 T1T1L1v11

299 353 335 399 1.
371 286 489 401 L.
513 351 811 400 Pos‘rmvnus
833 353 1080 415 Amnius,
1101 357 1165 404 M.
1183 356 1409 420 Popillius
1430 360 1588 410 Laenas

298 442 405 472 cum
424 426 629 472 omnium
651 425 844 487 primum
871 427 923 472 de
945 427 1198 488 provinciis
1223 431 1586 496 exercitibusqtte

297 499 353 546 ad
372 498 570 546 senatum
589 499 862 561 retulissent,
883 499 1065 562 Ligures
1084 500 1263 565 utrique
1281 501 1449 552 decreti
1462 505 1587 554 sunt:

294 587 345 621 ut
377 589 525 620 novas
558 572 719 630 ambo,
751 572 911 634 quibus
945 589 1040 618 eam
1078 574 1366 635 provinciam
1399 578 1587 626 obtine..

292 658 418 701 rent,
442 646 670 709 legiones,
695 644 847 708 (binae
875 645 1057 708 singulis
1088 647 1309 712 decretae)
1332 652 1382 697 &
1408 650 1583 701 socifim

290 721 441 772 Latini
485 719 840 774 nomini5,dena
874 720 1014 766 millia
1050 723 1249 783 peditum
1285 725 1336 771 &
1368 724 1585 776 sexcenos

290 794 464 856 equites
481 829 493 852 ,
517 795 567 840 &
589 792 944 855 supplementum
980 794 1207 858 Hispaniae
1234 797 1317 844 tria
1344 799 1484 846 millia
1501 814 1587 863 pe-

291 868 436 915 ditum
456 868 770 914 Romanorum
792 865 1062 926 scriberent,
1084 871 1134 917 ἃ
1149 870 1369 920 ducentos
1395 872 1588 937 equites.

288 943 364 989 Ad
397 943 486 988 hoc
520 941 642 988 mille
677 941 728 993 &
765 940 999 1005 quingenti
1035 943 1207 1006 pedites
1243 945 1439 994 Romani
1478 964 1584 995 cum

289 1028 474 1065 centum
495 1015 721 1078 equitibus
741 1014 873 1061 scribi
900 1014 1021 1076 juffi3
1051 1034 1154 1063 cum
1180 1017 1347 1081 quibus
1379 1034 1548 1082 praetor
1566 1057 1582 1081 ,

291 1091 367 1140 cui
405 1090 606 1138 Sardinia
644 1090 899 1153 obtigisset,
943 1090 988 1136 in
1027 1091 1259 1140 Corsicam
1301 1093 1584 1157 transgressus

289 1166 462 1215 bellum
502 1177 706 1228 gereret3
744 1165 922 1210 interim
962 1166 1026 1212 M.
1065 1165 1257 1223 Atilius,
1295 1178 1427 1214 vetus
1464 1185 1583 1231 prae-

289 1251 366 1286 tor
388 1274 402 1298 ,
434 1237 724 1301 provinciam
775 1236 1003 1282 obtineret
1049 1237 1313 1286 Sardiniam.
1363 1240 1585 1289 Praetores

291 1315 454 1362 deinde
479 1312 744 1378 provincias
774 1310 920 1358 sortiti
943 1311 1046 1357 sunt
1063 1346 1077 1369 ,
1097 1313 1152 1358 A.
1174 1311 1342 1358 Atilius
1369 1312 1584 1359 Serranus

292 1389 510 1436 urbanam
529 1423 542 1445 ,
562 1388 616 1433 C.
636 1385 827 1433 Cluvius
863 1384 1024 1431 Saxula
1054 1383 1172 1439 inter
1209 1383 1333 1430 cives
1367 1384 1418 1430 &
1452 1400 1584 1446 pere·-

292 1462 449 1526 grinos
465 1497 478 1519 ,
500 1461 559 1507 N.
578 1458 738 1505 Fabius
759 1458 902 1503 Buteo
923 1456 1182 1519 Hispaniam
1214 1455 1495 1512 citeriorem,
1519 1458 1583 1505 M.

291 1537 519 1583 Matienus
543 1529 806 1580 ulteriorem
826 1567 839 1588 ,
860 1532 925 1578 M.
947 1531 1101 1578 Furius
1119 1530 1339 1594 Craffipes
1356 1530 1552 1578 Siciliam
1569 1567 1587 1590 ‚

293 1609 349 1656 C.
369 1606 603 1668 Cicereius
620 1604 885 1652 Sardiniam.
905 1603 1165 1667 Priusquam
1183 1602 1461 1667 magistratus
1476 1620 1586 1666 pro·

291 1681 629 1739 ficiscerentur,
650 1677 819 1725 senatui
848 1677 1046 1739 placuit,
1068 1680 1117 1723 L.
1155 1676 1433 1723 Postumium
1467 1693 1584 1723 con-

291 1758 432 1807 sulem
463 1755 518 1802 ad
546 1770 698 1816 agrum
725 1751 957 1815 publicum
989 1768 1012 1797 a
1037 1751 1219 1814 privato
1249 1751 1583 1800 terminandum

292 1833 341 1879 in
378 1826 672 1890 Campaniam
709 1825 797 1881 ire3
828 1822 954 1884 cujus
989 1824 1214 1887 ingentem
1249 1823 1437 1870 modum
1474 1823 1584 1887 pos-

293 1906 434 1954 fidere
469 1902 705 1966 privatos,
737 1899 945 1962 paulatim
983 1897 1259 1961 proferendo
1293 1895 1433 1955 fines,
1467 1913 1583 1944 con-

292 1980 449 2027 stabat.
483 1977 568 2022 Hic
582 2012 595 2034 ,
619 1975 758 2021 iratus
793 1972 1070 2020 Praenestinis
1087 2008 1100 2031 ,
1122 1972 1274 2036 quod,
1294 1987 1394 2018 cum
1414 1987 1471 2016 eo
1492 1969 1584 2033 pri-

292 2066 430 2100 vatus
460 2046 660 2095 sacrificii
691 2047 736 2092 in
771 2045 942 2108 templo
977 2047 1188 2092 Fortunae
1220 2042 1420 2090 faciundi
1455 2042 1583 2090 causa

293 2123 525 2188 proscCtus
546 2120 677 2177 effet,
699 2119 813 2166 nihil
847 2119 894 2164 in
930 2118 970 2165 se
1001 2115 1260 2164 honorifice
1281 2151 1295 2173 ‚
1324 2132 1469 2179 neque
1500 2133 1584 2177 pu-

295 2199 412 2244 blice
429 2233 442 2252 ‚
464 2211 609 2255 neque
644 2192 858 2256 privatim
874 2225 887 2248 ,
911 2192 1073 2239 failum
1092 2207 1114 2236 a
1140 2188 1417 2235 Praenestinis
1448 2188 1583 2245 effet,

295 2269 552 2334 priusquam
593 2267 646 2313 ab
679 2267 825 2312 Roma
868 2262 1255 2327 proficisceretur,
1282 2260 1429 2306 literas
1461 2261 1584 2306 Prae-

298 2344 419 2390 neste
448 2342 590 2398 misit,
611 2352 662 2387 ut
691 2340 771 2386 fibi
799 2338 1073 2402 magistratus
1102 2334 1289 2383 obviam
1318 2334 1489 2389 exiret,
1511 2331 1585 2376 lo·-

301 2434 402 2462 cum
439 2414 621 2478 publice
655 2424 858 2476 pararet,
892 2410 969 2457 ubi
1004 2409 1331 2462 diverteretur,
1363 2404 1585 2465 jumenta-

298 2506 418 2552 quc,
448 2505 552 2538 cum
588 2487 730 2536 exiret
763 2485 892 2545 inde,
920 2482 1084 2548 praesto
1120 2480 1270 2529 essent.
1307 2482 1425 2525 Ante
1461 2477 1586 2523 hunc.
