1673 3052
277 188 356 234 IN
401 185 570 233 roe.
618 185 747 231 ΜΒ.
787 155 980 231 ’ΧιιΧ
1023 185 1167 232 L1V.
1303 200 1391 248 343

159 293 257 336 LIII.
283 296 336 336 Ut
355 308 448 336 vero
474 294 522 334 ad
550 293 739 333 obsessum
763 293 810 333 ab
835 293 942 333 hoste
964 292 1106 332 collem
1135 300 1294 333 ventum
1320 294 1397 343 est,

104 357 327 407 oppositum
350 357 404 397 illi
425 357 620 397 tumulum
650 356 760 396 cursu
783 357 910 407 cepit,
936 367 979 396 ut
999 357 1097 396 inter
1120 357 1297 408 utrosque
1318 365 1401 397 tan-

104 427 190 459 turn
211 421 320 461 vallis
340 420 544 460 interesset.
576 421 678 461 Tum
704 434 794 460 vero
815 420 898 460 Afri
915 421 1022 460 omni
1044 429 1184 461 conatu
1205 434 1403 472 expugna-

104 495 149 523 re
171 484 312 524 collem
339 484 427 525 sunt
452 484 610 537 aggreffi
625 515 636 533 ,
654 479 875 536 priusquam
889 515 900 533 ,
925 484 1099 524 resumtis
1120 499 1165 524 ex
1191 485 1326 526 itinere
1341 487 1400 526 vi-

103 545 464 602 ribus—succurrere
488 547 676 599 Scipionis
700 548 845 598 equites
868 546 1033 598 possent.
1061 549 1109 587 At
1135 547 1222 596 ille,
1243 549 1307 599 qui
1330 561 1401 599 per

103 609 255 649 radices
269 609 512 650 tumulorum
529 611 723 650 circumiri
744 609 850 661 posse
866 608 1006 649 vallem
1021 610 1261 660 interjectam
1277 611 1399 650 anim-

104 672 342 721 adverterat,
359 673 457 713 nihil
471 677 673 715 cunstatus
685 705 695 723 ,
713 688 786 725 qua
802 683 939 725 patere
948 674 1048 714 viam
1062 675 1232 722 videbat,
1248 676 1402 714 strenue>

105 736 149 774 in
163 734 288 776 hostes
303 737 475 778 incurrit.
498 737 554 777 illi
569 769 581 788 ,
596 751 645 777 ne
670 739 772 777 inter
795 738 873 776 duo
894 737 1072 777 Romana
1096 739 1252 789 agmina
1273 738 1395 776 medii

107 797 394 849 clauderentur,
409 802 540 850 veriti,
563 814 644 841 non
662 800 787 840 solum
815 800 954 840 cessere
979 800 1065 841 loco
1079 833 1090 849 ,
1110 801 1175 840 sed
1199 800 1318 840 effusa
1339 801 1401 839 fu·

105 872 154 910 ga
168 859 311 911 dilapsi
323 860 424 900 sunt.
447 861 576 912 Scipio
591 892 603 910 ,
624 860 780 900 servasse
794 860 880 900 suos
896 868 1115 910 contentus,
1127 873 1252 910 neque
1265 859 1377 899 Afros
1390 890 1402 907 ,

103 935 269 962 numero
292 923 408 975 longe
433 922 660 974 superiores,
682 916 855 974 persequi
879 936 977 963 curae
1005 922 1164 971 habuit,
1182 925 1216 962 Sc
1241 935 1330 961 cum
1356 922 1401 961 li-

104 982 247 1023 beratis
273 984 472 1024 obsidione
497 985 727 1024 cohortibus
746 985 795 1024 ad
809 987 1023 1025 exercitum
1049 985 1216 1026 reversus
1235 985 1299 1024 est.
1327 986 1396 1024 ubi

101 1057 193 1085 cum
214 1053 350 1096 praeter
379 1047 486 1097 spem
514 1046 690 1085 omnium
719 1059 799 1084 non
830 1048 949 1085 niodo
976 1046 1100 1086 salvus
1127 1046 1232 1097 ipse,
1259 1059 1396 1085 verum

99 1108 221 1146 etiam
243 1106 411 1147 servator
435 1107 600 1147 aliorum
626 1107 917 1158 conspiceretur
933 1139 944 1157 ,
974 1109 1167 1148 maximus
1198 1121 1274 1159 prae
1302 1121 1396 1158 gau-

101 1168 167 1207 dio
188 1168 360 1209 sublatus
391 1169 445 1209 est
474 1169 642 1218 clamor,
667 1169 851 1209 virtutem
876 1171 958 1219 ejus
986 1170 1262 1220 fortunamque
1293 1182 1395 1208 cun-

99 1230 172 1270 &is
194 1231 472 1271 admirantibus
484 1263 496 1280 ,
508 1239 692 1282 tanquam
713 1230 893 1282 exemplo
909 1229 1114 1282 superioris
1131 1231 1300 1270 Africani
1319 1231 1396 1284 (de

99 1304 178 1342 quo
202 1294 393 1332 creditum
418 1293 524 1332 idem
543 1293 698 1341 fuerat)
724 1292 855 1331 divino
873 1293 1044 1343 quodam
1060 1292 1239 1331 instinciu
1263 1292 1395 1330 futura

97 1356 419 1407 praesentisceret,
438 1355 721 1419 omnibusque·
712 1369 750 1393 in
772 1355 973 1394 conatibus
992 1354 1067 1394 suis
1085 1354 1308 1405 praesentem
1324 1367 1396 1393 nu

97 1417 217 1456 minis
239 1417 410 1456 favorem
435 1402 941 1468 experiretur.obs1dionali
967 1429 1109 1454 corona
1133 1416 1320 1455 donatum
1340 1415 1392 1455 ob

94 1478 261 1519 servatas
281 1478 461 1519 cohortes
482 1480 728 1530 Scipioffnem
743 1479 860 1518 Varro
877 1478 1061 1518 tradidit:
1079 1479 1286 1529 statuaeque
1307 1479 1394 1518 Sci-

95 1539 223 1590 pionis
249 1540 289 1579 in
315 1540 400 1580 foro
426 1540 493 1579 suo
518 1540 648 1591 postea
675 1539 871 1590 adscripsit
896 1540 1095 1590 Augustus.

150 1604 244 1643 LIV.
277 1604 353 1645 Uni
375 1604 473 1643 inter
495 1603 577 1643 haec
600 1616 678 1643 tam
702 1603 786 1642 laeta
807 1602 969 1654 querelae
990 1602 1143 1642 causam
1170 1601 1394 1653 praebebant

93 1663 284 1715 insepulta
308 1664 476 1704 militum
504 1665 795 1704 interfeftorum
828 1677 1011 1715 corpora,
1030 1664 1236 1714 praesertirn
1261 1666 1391 1704 tribu-

93 1740 248 1774 norum,
264 1728 331 1777 qui
356 1728 631 1775 occubuerant,
655 1728 778 1766 vicem
805 1727 1084 1766 miserantibus.
1113 1729 1148 1766 Sc
1176 1726 1268 1766 hinc
1291 1740 1390 1778 quo·

98 1803 174 1839 que
198 1789 373 1841 Scipioni
390 1789 523 1829 'laudis
545 1790 720 1829 materies
738 1789 830 1829 fuit:
849 1789 914 1839 qui
930 1787 1112 1838 permissu
1133 1788 1299 1827 consulis
1323 1801 1394 1839 per

94 1853 293 1902 captivum
329 1851 492 1892 vinculis
524 1852 693 1892 solutum
727 1851 959 1893 Hasdrubali
995 1851 1162 1902 scripsit,
1195 1856 1240 1892 u't
1263 1852 1390 1891 tribu-

90 1926 162 1953 nos
186 1913 372 1964 sepeliret.
398 1916 522 1964 Atque
544 1913 613 1953 ille
633 1914 830 1965 requisitos
862 1915 961 1953 inter
989 1914 1177 1953 cadavera
1192 1945 1203 1962 ,
1231 1916 1265 1954 Sc
1282 1914 1390 1964 agni-

96 1985 157 2015 tos
171 1989 216 2015 ex
235 1975 386 2028 annulis
409 1977 530 2015 aureis
548 1979 665 2026 (nam
683 1975 820 2027 vulgus
842 1976 1011 2015 militum
1030 1976 1172 2015 ferreos
1188 1975 1388 2026 gestabat)

94 2039 236 2079 tumuli
261 2039 407 2078 honore
431 2039 582 2088 affecit,
601 2039 777 2089 lectaque
800 2052 935 2079 eorum
959 2038 1036 2078 offa
1061 2039 1202 2078 remisit
1224 2039 1272 2077 ad
1298 2051 1388 2076 con.-

91 2099 244 2148 sulem,
271 2100 343 2138 sive
373 2100 613 2145 humanitate
645 2101 812 2152 quadam
827 2132 839 2149 ,
866 2101 963 2148 sive,
984 2101 1090 2151 quod
1116 2099 1287 2138 moribus
1309 2099 1389 2137 ho·-

93 2163 209 2200 minis
242 2161 452 2211 proximius
485 2162 562 2210 est,
593 2161 811 2214 surgentem
845 2163 1037 2212 Scipionis
1076 2161 1386 2211 magnitudinem

89 2225 170 2273 jam
187 2233 270 2262 tum
285 2223 474 2273 incipiens
491 2223 649 2263 adulari.
674 2224 859 2275 Magnam
876 2224 980 2263 haud
998 2224 1115 2263 dubie
1130 2237 1186 2263 res
1205 2223 1285 2262 haec
1303 2224 1385 2261 exi-

93 2285 350 2323 stimationem
377 2284 547 2334 Scipioni
573 2285 852 2334 circumdedit,
878 2298 994 2335 quem
1014 2298 1134 2324 unum
1158 2297 1233 2335 prce
1258 2285 1389 2322 onini-

90 2347 162 2386 bus
186 2346 372 2387 Romanis
399 2346 518 2387 etiam
537 2347 642 2397 apud
662 2346 786 2387 hostes
808 2349 849 2387 in
871 2347 1018 2387 honore
1040 2347 1114 2387 effe
1137 2346 1331 2387 videbant.

143 2457 166 2500 §
191 2457 277 2490 LIV.
301 2457 389 2492 Plin.
417 2469 475 2501 22,
498 2458 532 2494 6.
550 2457 677 2493 Auctor
697 2458 738 2493 de
755 2458 831 2495 Vir.
850 2458 900 2494 ill.
918 2457 1062 2493 Diodor.
1084 2468 1138 2501 ap.
1164 2454 1279 2491 Valcs.
1307 2455 1383 2499 Ap·

94 2502 186 2546 pian.
211 2502 357 2538 Diodor.

1050 2554 1092 2600 Y
1126 2569 1159 2613 4
