1673 3052
275 211 364 258 180
628 207 1190 258 T1T1L-1v11

265 321 540 376 Eumenem,
573 319 627 364 ab
659 317 700 363 se
720 318 1025 365 Samothracae
1054 317 1312 364 Evandrum
1337 309 1553 364 occisum.

269 393 333 440 ita
352 394 446 440 duo
465 393 721 440 sanffiffima
742 393 786 439 in
811 393 938 438 terris
956 393 1119 455 templa
1133 427 1145 449 ‚
1169 392 1208 438 se
1232 408 1325 439 uno
1345 392 1553 454 austore,

265 466 477 529 sanguine
507 466 709 512 humano
742 465 930 512 violata.
966 462 1108 525 Hujus
1131 466 1191 511 rei
1221 465 1418 523 crimen,
1445 480 1554 511 cor-

264 551 402 601 rupto
427 539 617 602 pecunia
634 539 885 597 Theonda,
912 539 1136 585 avertitur
1152 573 1164 592 ‚
1197 553 1248 585 ut
1275 537 1555 584 renuntiaret

259 613 442 675 (populo
459 648 472 670 ,
497 613 759 659 Evandrum
785 611 864 658 fibi
893 610 1036 673 ipsu-m
1066 623 1261 658 mortem
1289 609 1518 658 consciffe..

330 688 406 732 VI.
446 686 659 732 Ceterum
686 696 815 731 tanto
846 684 1051 731 facinore
1071 685 1118 730 in
1137 683 1322 732 unicum
1348 682 1553 729 relietum

260 760 482 817 amicum,
520 760 574 806 ab
602 758 701 822 ipso
729 775 808 820 per
836 770 908 804 tot
941 757 1063 805 casus
1089 771 1328 819 ‘expertum
1350 791 1363 813 ,
1393 755 1550 818 prodi·-

260 846 476 895 mmque,
508 831 613 895 quia
639 848 734 876 non
757 830 1048 893 prodiderat,
1075 828 1282 875 omnium
1302 828 1357 874 ab
1383 827 1425 874 se
1447 826 1549 874 aba*

259 903 451 951 lienavit
470 903 658 950 animos,
692 904 780 948 Pro
815 902 856 948 se
883 901 1069 966 quisque
1089 901 1271 947 transire
1295 901 1356 947 ⁴ad
1376 901 1551 946 Roma*-

258 996 348 1026 nos
362 997 378 1025 »ε
411 978 618 1042 fugae'que
653 977 889 1025 confilium
928 993 1085 1040 capere
1116 976 1261 1023 solum
1297 991 1552 1038 propere-

259 1052 415 1098 Ιίξὶιιιῃ
451 1062 730 1114 coegerunt:
763 1051 1117 1113 Oroandemque
1145 1049 1402 1096 Cretensem
1427 1083 1442 1108 ,
1477 1048 1551 1095 cui

257 1137 369 1172 nota
402 1123 610 1171 Thr-aciae
639 1140 720 1169 ora
749 1135 843 1169 erat
858 1159 874 1180 ,
900 1123 1007 1185 quia
1039 1134 1310 1167 mercaturas
1336 1121 1382 1167 in
1410 1137 1460 1167 ea
1479 1132 1571 1168 re-‘

255 1199 396 1262 Agione
422 1198 595 1245 fecerat
610 1234 624 1255 ,
648 1197 842 1260 appellat
858 1233 872 1253 ‚
901 1210 949 1243 ut
970 1196 1011 1242 se
1030 1195 1252 1242 sublatum
1272 1195 1320 1241 in
1349 1195 1547 1242 lembum

257 1273 314 1318 ad
355 1272 531 1335 Cotym
578 1271 836 1317 deveheret.
874 1268 1164 1316 Demetrium
1206 1268 1266 1314 est
1303 1281 1461 1330 portus
1499 1268 1547 1314 in

254 1341 585 1406 promontorio
605 1341 804 1404 quodam
825 1340 1153 1388 Samothracae:
1175 1340 1237 1387 ibi
1264 1341 1439 1388 lembus
1461 1341 1546 1388 [ἱεμ-

251 1415 347 1463 bat.
383 1415 473 1462 Sub
502 1414 711 1463 occasum
750 1412 853 1460 solis
886 1412 1174 1472 deferuntur,
1205 1431 1306 1477 quae
1328 1414 1386 1460 ad
1418 1414 1546 1462 usum

255 1487 496 1535 necessaria
528 1502 679 1534 erant:
704 1485 902 1533 defertur
924 1488 974 1534 &
997 1487 1210 1549 pecunia,
1235 1500 1403 1549 quanta
1429 1488 1545 1534 clam

253 1558 422 1607 deferri
455 1572 647 1623 poterat.
667 1560 766 1605 Rex
794 1558 886 1621 ipse
913 1560 1046 1606 nocte
1074 1559 1249 1616 media,
1279 1577 1382 1607 cum
1402 1560 1545 1609 tribus

253 1632 451 1680 consciis
472 1632 587 1696 fugae
602 1669 617 1692 ,
639 1650 717 1696 per
738 1631 960 1695 posticum
982 1633 1146 1679 aedium
1167 1633 1212 1678 in
1234 1634 1546 1696 propinquum

254 1707 472 1756 cubiculo
491 1707 675 1753 hortum
688 1743 700 1764 ‚
714 1723 848 1770 atque
869 1707 971 1752 inde
985 1742 999 1763 ‚
1015 1707 1252 1754 maceriam
1268 1724 1383 1771 aegre
1403 1707 1545 1754 trans-

251 1780 442 1844 gressus,
464 1780 520 1826 ad
538 1797 659 1826 mare
682 1780 900 1842 pervenit.
934 1780 1174 1827 Oroandes
1189 1779 1276 1842 jam
1298 1793 1391 1826 tum
1405 1815 1419 1839 ,
1437 1780 1543 1827 dum

251 1851 448 1915 pecunia
480 1850 759 1910 deferretur,
795 1850 949 1917 primis
993 1852 1188 1898 tenebris
1227 1851 1426 1899 solverat
1458 1870 1542 1900 na-

253 1942 361 1972 vem
379 1931 481 1983 ,'ac
508 1942 587 1987 per
616 1926 758 1973 altum
780 1927 958 1972 Cretam
989 1928 1182 1988 petebat.
1219 1922 1457 1991 Postquam
1492 1928 1542 1975 in

252 2010 394 2061 portu
421 1997 552 2044 navis
580 2016 675 2045 non
703 1998 891 2045 inventa
912 1998 999 2056 est,
1034 2013 1221 2063 vagatus
1248 2000 1429 2048 Perseus
1457 2002 1542 2048 ali-

252 2068 471 2131 quamdiu
490 2069 536 2115 in
558 2069 714 2127 litore,
748 2072 976 2132 postremo
1006 2071 1167 2117 timens
1189 2072 1335 2119 lucem
1354 2072 1442 2134 jam
1463 2092 1541 2136 ap·-

253 2140 658 2204 propinquantem,
687 2142 732 2187 in
756 2142 999 2204 hospitium
1019 2144 1163 2190 redire
1185 2162 1280 2192 non
1311 2146 1464 2204 ausus,
1490 2148 1538 2193 in

252 2215 392 2261 latere
436 2213 592 2276 templi
628 2229 773 2275 prope
810 2216 1023 2277 angulum
1064 2217 1304 2263 obscurum
1345 2218 1537 2266 delituit.
1572 2238 1573 2245 ¹

252 2285 385 2334 Pueri
410 2285 520 2348 regii
542 2287 658 2347 apud
675 2287 948 2334 Macedonas
966 2289 1250 2336 vocabantur
1278 2290 1536 2353 principum

252 2360 418 2416 liberi,
436 2361 487 2405 ad
508 2359 799 2406 ministerium
825 2361 951 2407 eleffi
971 2364 1111 2425 regis:
1144 2380 1196 2410 ea
1221 2364 1414 2420 cohors,
1432 2381 1537 2427 per-

253 2433 401 2481 secuta
432 2450 582 2497 regem
608 2432 852 2497 fugientem
875 2472 891 2491 ‚
927 2452 982 2483 ne
1014 2449 1109 2482 tum
1130 2437 1309 2500 quidem
1330 2436 1536 2485 abscede-

253 2506 356 2566 bat,
383 2507 530 2555 donec
551 2506 662 2567 juffu
694 2509 781 2556 Cn.
800 2508 983 2558 Οᾶεινίἰ
1012 2509 1353 2572 pronuntiatum
1377 2510 1438 2557 est
1456 2525 1536 2572 per
