1673 3052
299 198 843 247 HisToaiAauM
878 196 998 244 ΜΒ.
1032 196 1196 243 xmv.
1285 212 1373 259 ³49

88 307 306 357 nientium
325 307 577 355 Gallorum.
611 309 667 353 Et
685 305 771 366 jam
805 300 1204 351 'c‘um‘aceeffiffent
1233 301 1374 351 animi

85 381 269 431 Dinoni
287 399 339 429 ac
359 381 627 445 Polyarato,
647 380 723 442 qui
740 378 880 425 Persei
901 378 1093 440 partium
1109 390 1257 435 erant,
1277 394 1373 424 non

88 455 282 519 benigne
316 454 458 501 modo
493 451 753 515 responsum
790 452 967 514 regibus
1000 450 1087 506 est,
1114 449 1192 497 sed
1226 450 1372 512 palam

86 527 426 592 pronuntiatum
443 563 456 585 ,
479 531 580 574 bello
587 528 718 587 finem
729 526 780 586 fiz
801 525 1131 584 auc'Zoritatefica
1155 525 1373 590 impositu-

87 621 154 650 ros
175 600 257 666 effi.
281 604 418 662 itaque
442 600 525 665 ipst
547 617 701 661 quoque
726 616 830 661 reges
854 613 988 659 aequos
1009 599 1243 644 adhiberem
1273 599 1373 644 ani-

86 692 176 721 mos
195 677 253 719 ad
258 692 404 736 pacem
427 674 724 733 accipiendam.

151 745 309 793 XXX.
329 746 424 792 Jam
443 744 562 791 veris
579 740 988 806 principium'erat,
1011 742 1216 806 novique
1235 744 1375 791 duces

87 816 135 864 in
155 816 443 880 provinciam
472 829 717 870 veneran13
738 815 898 863 consul
916 815 1123 863 AEmilius
1151 815 1198 861 in
1218 817 1372 864 Mace-

87 889 302 948 doniam,
331 888 551 936 O&avitis
582 889 757 935 Oreum
790 889 845 935 ad
864 889 1074 946 classem,
1101 889 1287 936 Anicius
1325 889 1373 935 in

85 962 348 1026 Illyricum,
368 961 442 1008 cui
463 960 719 1007 bellandum
751 962 962 1009 adversus
983 962 1215 1009 Gentium.
1245 963 1374 1009 Patre

89 1035 301 1082 Pleurato
319 1049 422 1096 rege
442 1031 703 1096 Illyri-orum
722 1034 771 1080 &
792 1045 927 1079 matre
948 1034 1177 1098 Eurydica
1199 1034 1374 1098 genitus

87 1107 246 1155 fratres
271 1105 387 1152 duos
403 1140 418 1162 ,
437 1104 662 1152 Platorem
689 1117 885 1168 utroque
911 1119 1090 1168 parente
1108 1142 1125 1166 ,
1140 1109 1374 1155 Caravan-

85 1181 202 1229 tium
217 1192 357 1228 matre
373 1179 527 1227 eadem
545 1194 697 1227 natum
709 1215 722 1237 ,
733 1179 906 1226 habuit.
921 1182 1023 1229 Hoc
1039 1193 1224 1244 propter
1240 1181 1373 1245 igno-

89 1254 308 1302 bilitatem
327 1265 557 1316 paternam
579 1252 728 1300 minus
748 1252 947 1316 suspecto
960 1289 975 1311 ,
995 1254 1220 1300 Platorem
1242 1252 1372 1299 occi-

87 1326 155 1373 dit
188 1327 239 1373 δε
266 1326 380 1373 duos
417 1325 586 1373 amicos
626 1325 750 1386 ejus',
785 1326 976 1372 Etritum
1010 1327 1060 1373 ὃς
1094 1325 1372 1388 Epicadum,

82 1397 309 1463 impigros
343 1396 499 1455 viros,
531 1415 626 1461 quo
662 1399 804 1445 tutius
837 1411 1054 1463 regnaret.
1091 1402 1221 1445 Fama
1257 1398 1371 1454 fuit,

89 1470 280 1519 Honuni
298 1469 620 1517 Dardanorum
641 1470 857 1533 principis
882 1470 1021 1518 filiam·
1042 1473 1218 1517 Etutam
1242 1471 1374 1534 133ἂο

88 1541 213 1589 fratri
235 1558 336 1588 eum
354 1540 581 1599 invidiffe,
600 1554 813 1606 tanquam
836 1543 905 1590 his
925 1544 1091 1606 nuptiis
1111 1542 1373 1607 adjungenti

86 1614 172 1661 fibi
192 1613 516 1660 Dardanorum
543 1627 735 1676 gentem.
768 1616 817 1661 &
839 1614 1024 1661 similius
1054 1613 1100 1660 id
1127 1630 1241 1660 vero
1264 1614 1373 1661 fecit

89 1688 216 1734 dueta
234 1704 283 1734 ea
313 1687 449 1752 virgo
466 1723 480 1747 ,
500 1687 679 1734 Platore
708 1688 965 1737 interfeao.
993 1689 1159 1735 Gravis
1179 1688 1338 1735 deinde
1357 1707 1382 1747 ,‘

89 1759 244 1807 demto
265 1758 411 1806 fratris
428 1771 574 1819 metu,
594 1760 884 1823 popularibus
904 1760 987 1807 effe
1007 1759 1172 1822 coepit:
1194 1762 1243 1808 δε
1266 1759 1375 1807 vio-

91 1833 272 1880 lentiam
298 1831 470 1879 infitam
497 1831 682 1895 ingenio
713 1832 1055 1896 intemperantia
1078 1833 1175 1880 vini
1209 1850 1373 1880 accen-

91 1906 236 1953 debat.
255 1906 467 1952 Ceterum
481 1939 494 1963 ,
513 1905 622 1952 sicut
637 1917 739 1952 ante
755 1905 919 1952 dietum
940 1906 1020 1965 est,
1041 1907 1097 1953 ad
1114 1908 1374 1953 Romanum

93 1980 303 2028 incitatus
335 1980 533 2038 bellum,
560 1978 726 2026 Liffum
751 1995 908 2026 omnes
946 1981 1099 2043 copias
1135 1981 1374 2027 contraxit.

93 2052 353 2118 quindecim
378 2052 517 2100 millia
546 2064 820 2098 armatorum
849 2052 1046 2100 fuerunt.
1081 2054 1212 2112 Inde,
1239 2053 1374 2100 fratre

92 2125 140 2173 in
163 2125 416 2174 Caviorum
441 2136 646 2189 gentem,
676 2124 728 2171 vi
750 2138 824 2172 aut
848 2137 1023 2172 terrore
1055 2126 1339 2190 subigendam
1362 2162 1378 2186 ,

92 2215 194 2247 cum
214 2197 336 2244 mille
355 2197 577 2260 peditibus
600 2198 650 2245 &
678 2197 998 2261 quinquaginta
1021 2200 1243 2263 equitibus
1266 2199 1373 2247 mis*-

92 2271 168 2330 so,
189 2269 279 2333 ipse
300 2271 355 2318 ad
374 2270 613 2318 Bassaniam
633 2271 792 2317 urbem
810 2272 1007 2336 quinque
1025 2274 1161 2319 millia
1181 2274 1236 2319 ab
1255 2273 1374 2319 Lisso

94 2345 235 2393 ducit.
262 2345 385 2394 Socii
412 2357 536 2393 erant
567 2348 899 2394 Romanorum.
933 2347 1086 2410 itaque
1113 2364 1191 2409 per
1223 2347 1374 2392 miil'os

96 2416 281 2463 nuntios
307 2417 428 2480 prius
459 2417 644 2475 tentati,
670 2416 952 2465 obsidionem
985 2419 1104 2480 pati,
1134 2435 1267 2480 quam
1294 2419 1374 2463 de·

96 2489 202 2537 dere
222 2487 333 2550 sese,
355 2489 621 2539 maluerunt.
643 2491 965 2539 Caravantium
995 2491 1042 2537 in
1062 2492 1214 2538 Caviis
1245 2491 1374 2538 Dur·

1022 2566 1117 2628 K3
