1673 3052
244 203 340 259 '342
416 194 512 242 JO.
554 193 1062 241 FREINSHEMII
1102 194 1480 244 SUPPLEM.·

247 301 398 342 cessfere.
438 302 505 342 ubi
533 302 580 339 ad
610 313 766 339 amnem
790 309 974 349 ventum,
1000 301 1105 352 isque
1135 303 1270 352 paucis
1292 303 1386 342 locis
1408 302 1542 344 vadari

248 366 286 404 &
323 363 529 404 difficulter
560 370 742 413 poterat,
771 362 979 402 necess'ario
1016 364 1246 404 distractum*
1268 365 1544 417 turbatumque

244 439 385 477 agmen
411 426 474 466 est.
512 418 623 476 ¹quod
649 425 759 465 simul
783 426 953 465 intentus
980 425 1096 466 hostis
1120 428 1216 467 vidit
1233 459 1244 477 ‚
1261 438 1344 467 tum
1373 429 1545 479 primum

244 490 340 528 totis
367 488 510 528 viribus
542 489 744 539 incubuit,
781 488 1004 540 paucosque
1041 500 1283 541 pugnantes,
1319 489 1448 543 plures
1481 491 1546 530 fu-

247 563 296 602 ga
327 550 475 602 palatos
498 551 702 591 interfecit.
741 551 806 591 sed
846 554 881 591 ὃς
915 551 1058 591 tribuni
1089 561 1164 593 tres
1191 554 1388 603 cecidere,
1407 553 1434 592 ii
1452 553 1544 603 ipfi,

248 613 316 663 qui
342 613 451 653 malae
477 627 617 665 pugnae
639 614 824 665 praecipui
852 616 1027 654 aut-”tores
1050 614 1214 668 fuerant.
1239 617 1286 657 At
1300 617 1431 668 Scipio
1453 628 1547 657 cum

245 677 443 725 trecentis,
464 689 560 727 quos
576 676 708 716 secum
727 675 911 726 habebat,
929 677 1122 728 equitibus
1134 710 1145 728 ‚
1162 678 1334 730 aliisque,
1351 686 1548 730 quotquot

249 737 385 790 colligi
411 739 583 779 celeriter
607 747 833 791 potuerant,
855 739 966 779 cursu
995 741 1107 780 duxit
1126 742 1167 781 in
1188 741 1363 790 hostem,
1384 743 1480 782 duas
1504 741 1550 781 in

249 809 398 842 turmas
417 802 557 842 divisos
570 834 583 851 ,
609 801 934 854 praemonitosque
947 834 958 853 ,
981 817 1020 842 ut
1034 805 1235 845 alternatim
1259 803 1465 857 capeffirent
1477 817 1555 856 pu·-

246 881 370 920 gnmn,
391 868 575 922 emzffi’fijue
589 866 728 921 jaculis
735 868 776 920 fi
798 867 1006 920 reciperent:
1027 867 1079 906 fic
1101 867 1204 906 enim
1228 865 1370 916 fiebat,
1384 873 1448 917 ut,
1468 878 1550 905 uno

248 929 458 969 recedente
480 930 625 981 globo,
650 928 745 968 alter
774 928 973 980 extemplo
1003 929 1252 980 succederet3
1289 942 1413 981 neque
1449 927 1550 967 hosti

252 990 361 1042 quies
376 991 453 1031 ulla
466 993 619 1032 daretur
633 1005 644 1041 3
663 990 854 1042 multique
870 991 1048 1031 Afrorum
1065 993 1250 1031 continuo
1266 991 1432 1031 telorum
1444 991 1552 1040 jactu

250 1052 632 1094 convulnerarentur.
660 1053 740 1103 Ita,
764 1055 856 1092 dum
880 1055 919 1092 in
942 1053 980 1093 se
1007 1053 1196 1106 plurimos
1221 1053 1389 1093 hostium
1413 1051 1555 1091 abstra-

250 1113 353 1154 hunt
375 1116 569 1166 Scipionis
583 1117 755 1167 equites,
769 1116 961 1155 exercitus
985 1116 1134 1155 minore
1156 1128 1246 1154 cum
1262 1114 1551 1166 impedimento

252 1175 308 1215 cis
332 1176 495 1216 fiuvium
517 1177 555 1217 se
576 1178 742 1228 recepit:
767 1185 853 1216 tum
875 1178 1034 1217 demum
1050 1178 1252 1216 concitatis
1276 1176 1383 1227 equis
1406 1175 1552 1215 vadum

191 1241 195 1248 “
253 1238 370 1289 petiit
394 1240 548 1290 Scipio,
571 1242 605 1280 δι
633 1253 855 1291 quanquam
883 1239 1024 1279 densus
1049 1240 1090 1278 in
1116 1252 1205 1278 eum
1232 1238 1400 1279 telorum
1426 1236 1552 1277 imber

253 1301 496 1350 mitteretur,
520 1302 728 1342 incolumis
755 1303 796 1341 in
826 1303 1044 1342 citeriorem
1071 1303 1193 1353 ripam
1216 1301 1445 1354 penetravit.

316 1364 396 1405 LII.
429 1366 634 1406 Acciderat
650 1375 805 1415 autem,
829 1373 874 1405 ut
893 1366 934 1405 in
956 1365 1082 1416 primo
1099 1366 1359 1417 ingruentium
1382 1362 1563 1406 hostium„

256 1427 429 1467 tumultu
444 1459 455 1477 ,
472 1427 652 1467 cohortes
677 1437 864 1478 quatuor,
887 1441 908 1467 a
930 1429 1066 1467 ceteris
1091 1427 1248 1468 divulsae
1262 1458 1274 1476 ,
1297 1427 1338 1466 in
1357 1426 1555 1477 quendam

254 1490 451 1530 tumulum
481 1492 736 1543 confugerent
763 1505 772 1532 :
805 1505 858 1530 eae
886 1491 934 1531 ab
961 1491 1203 1532 Hasdrubale
1231 1489 1554 1531 circumsideban-

258 1562 346 1603 tur,
371 1555 511 1605 ignaris
538 1554 667 1594 adhuc
699 1555 908 1604 Romanis,
936 1556 1063 1594 donec
1092 1557 1132 1594 in
1160 1555 1291 1594 stativa
1323 1561 1553 1605 perventum

258 1617 324 1656 est.
353 1618 454 1658 Tum
469 1648 482 1664 ,
499 1617 656 1656 consilio
684 1619 893 1666 advocato,
915 1616 1106 1668 plerisque
1128 1618 1266 1657 reclius
1281 1617 1420 1666 visum,
1445 1616 1556 1669 urgeri

258 1693 401 1733 captum
421 1682 504 1729 iter,
532 1696 638 1734 neque
658 1680 765 1733 caufiz
781 1695 974 1733 paucorum
998 1683 1136 1719 cunnos
1157 1682 1196 1719 in
1208 1680 1397 1733 perniciem
1415 1679 1556 1731 conjici.

260 1745 389 1783 donec
413 1744 544 1795 Scipio
562 1743 680 1791 dixit,
699 1744 788 1781 hunc
804 1743 876 1791 sthi
891 1742 1021 1795 semper
1043 1744 1198 1781 animum
1210 1742 1340 1795 fiuffe,
1360 1754 1424 1791 ut,
1448 1755 1555 1780 ante-

261 1821 367 1858 quam
391 1807 572 1859 discrimen
591 1806 789 1858 subiretur,
811 1805 915 1842 etiam
937 1817 1042 1857 atque
1062 1807 1168 1844 etiam
1189 1805 1411 1858 cogitandum
1437 1803 1555 1856 existi—

261 1882 390 1918 maret,
414 1885 484 1908 non
510 1871 625 1922 magis
653 1870 936 1921 quemadmodum
970 1868 1050 1906 laedi
1077 1868 1185 1920 hostis
1204 1867 1341 1922 postet,
1366 1881 1469 1920 quam
1490 1865 1553 1919 sui

262 1935 433 1985 quomodo
461 1933 638 1971 minimum
664 1933 709 1970 ab
737 1931 824 1984 hoste
849 1931 1058 1971 laederentur.
1091 1934 1164 1970 Sed
1181 1932 1282 1970 rebus
1307 1940 1345 1968 eo
1367 1929 1521 1968 dedullis
1537 1960 1551 1978 ‚

261 2007 302 2032 ut
316 2006 366 2032 tot
389 1994 543 2031 cohortes
557 1994 728 2045 signaque
743 1992 984 2044 periclitentur
997 2023 1009 2041 ,
1026 1994 1190 2046 optimum
1209 1992 1385 2043 confilium
1405 2002 1554 2042 putare,

265 2070 336 2094 non
360 2056 533 2108 confidere
547 2085 558 2102 ,
578 2056 645 2106 sed
656 2084 668 2100 ‚
695 2068 767 2106 quae
795 2069 848 2092 res
872 2066 975 2107 atque
1000 2067 1134 2107 tempus
1150 2055 1319 2107 postulet,
1339 2053 1488 2092 celeriter
1512 2066 1556 2090 ,ιε

255 2118 392 2171 strenue
412 2129 582 2169 peragere.
610 2115 645 2150 E
650 2129 722 2166 rgo,
757 2131 767 2151 ι
793 2129 843 2151 me
856 2128 995 2166 paucas
1018 2117 1166 2167 equitum
1185 2115 1267 2153 alas
1290 2116 1396 2168 legere
1408 2115 1567 2165 finitis,-

268 2192 332 2216 aut
355 2180 438 2225 hos,
456 2178 583 2227 inquit
597 2206 608 2223 ,
633 2191 758 2214 mecum
778 2177 965 2214 incolumes
987 2180 1184 2226 adducam,
1208 2191 1270 2216 aut
1292 2192 1354 2230 ego
1378 2191 1453 2214 cum
1478 2177 1556 2214 illis

265 2240 366 2277 laeaeus
390 2239 573 2291 lubenfisue
598 2248 736 2276 mortem
762 2250 930 2290 oppetam.
960 2239 1132 2289 Accepto
1151 2240 1292 2279 deinde
1317 2239 1423 2278 bidui
1446 2252 1554 2278 com-

265 2309 416 2347 meatu,
433 2299 552 2338 statim
579 2298 614 2337 se
639 2299 830 2337 commilit
852 2299 998 2348 itineri,
1025 2302 1193 2342 maximo
1221 2313 1312 2341 cum
1339 2309 1445 2340 metu
1469 2300 1554 2339 uni-

267 2361 360 2400 versi
384 2361 593 2409 exereitus,
617 2374 663 2398 ne
688 2362 722 2400 ἃ
749 2359 827 2410 ipse
852 2360 1100 2403 amitteretur.

265 2520 295 2555 V
317 2475 427 2553 sssLl.
454 2475 576 2511 Zonar.
603 2476 750 2522 Appiam.
785 2476 807 2522 §
828 2476 897 2512 LII.
926 2476 1003 2510 Liv.
1022 2476 1114 2522 Epir.
1139 2477 1444 2523 AppiamDiodor.
1465 2475 1552 2522 apud

301 2532 318 2552 ai
334 2532 349 2554 e
367 2533 448 2555 rum.
