1673 3052
271 197 332 232 20
621 174 1185 226 T1T1L1v11

269 290 550 354 culandaque
581 287 770 336 confilia
790 284 935 333 Persei
956 285 1073 350 regis
1090 282 1242 332 miffus
1260 293 1382 341 erat,
1404 279 1561 339 rediit;

269 363 664 430 congruentiaque
696 359 850 407 omnia
880 358 1146 406 criminibus
1180 358 1236 404 ab
1262 359 1462 403 Eumene
1491 354 1559 402 al-

269 439 371 485 latis
400 436 634 484 referebat.
668 433 794 481 simul
824 434 874 479 &
905 432 1151 479 adduxerat
1180 430 1325 478 secum
1362 429 1512 475 Praxo
1534 445 1562 475 a

270 511 489 576 Delphis,
510 507 637 570 cujus
662 509 826 555 domus
852 505 1189 568 receptaculum
1210 505 1440 552 latronum
1460 502 1562 550 fue-

270 585 440 642 rat,·&
458 584 506 630 L.
521 579 780 627 Rammium
803 577 1116 624 Brundisinum
1131 612 1146 635 ,
1167 575 1245 639 qui
1274 576 1373 624 talis
1400 573 1562 622 indicii

269 658 446 705 delator
465 667 570 702 erat.
600 653 814 716 Princeps
834 650 1054 698 Brundisii
1085 650 1319 698 Rammius
1338 649 1451 706 fuit;
1472 649 1560 695 ho-

267 729 402 793 spitio
425 743 612 793 quoque
636 728 684 774 &
704 726 838 772 duces
863 726 1099 771 Romanos
1118 740 1299 782 omnes,
1318 725 1368 771 &
1388 724 1561 786 legatos

270 816 525 851 exterarum
550 815 737 864 quoque
768 797 969 862 gentium
1001 797 1218 862 insignes,
1238 795 1464 861 praecipue
1486 813 1562 842 re-

270 876 395 941 gios,
417 873 679 938 accipiebat.
707 888 762 918 ex
783 889 840 919 eo
865 870 1027 919 notitia
1053 871 1094 918 ei
1124 887 1226 919 cum
1253 869 1433 918 absente
1454 870 1562 917 Per-

271 954 347 1000 seo
374 950 547 998 fuerat:
569 946 798 1011 literisque
829 946 948 1010 spem
970 945 1180 994 amicitiae
1208 944 1439 993 interioris
1465 961 1563 992 ma-

270 1041 461 1089 gnaeque
497 1023 602 1070 inde
636 1020 833 1066 fortunae
860 1018 1152 1078 facientibus,
1184 1018 1240 1066 ad
1271 1034 1418 1082 regem
1449 1034 1562 1081 pro-

271 1097 410 1144 fectus
426 1133 440 1154 ‚
460 1093 589 1143 brevi
620 1091 929 1156 perfamiliaris
958 1090 1135 1149 haberi,
1158 1089 1392 1155 trahique,
1421 1089 1563 1154 magis

268 1189 405 1237 quam
428 1169 568 1217 vellet
583 1205 597 1225 ‚
619 1168 665 1213 in
685 1182 873 1213 arcanos
897 1164 1122 1213 sermones
1143 1166 1204 1214 est
1230 1178 1423 1230 coeptus.
1443 1166 1563 1212 Pro-

269 1246 406 1294 miffis
447 1243 566 1292 enim
608 1240 863 1306 ingentibus
899 1241 1095 1304 praemiis
1130 1253 1282 1305 petere
1314 1240 1474 1288 institit
1504 1239 1563 1288 ab

271 1334 330 1364 eo
357 1333 436 1363 rex
452 1351 465 1373 ‚
492 1318 709 1375 Quoniam
729 1318 849 1360 duces
877 1331 1017 1360 omnes
1048 1316 1250 1376 legatique
1275 1316 1463 1360 Romam·
1482 1316 1563 1360 bo·-

260 1395 398 1455 spitio
422 1390 510 1447 ejus
539 1391 602 1434 uti
629 1386 872 1449 affueffinc,
889 1390 1037 1445 quihus
1063 1405 1198 1434 eorum
1229 1386 1564 1452 ipfifiripfi'ffit,

271 1483 318 1513 ut
348 1481 546 1512 venenum
582 1464 769 1506 dandum
801 1474 969 1504 curaret.
1003 1459 1122 1516 cujus
1139 1459 1250 1518 scire
1267 1459 1317 1519 fi
1343 1477 1563 1520 compara-

271 1543 422 1585 tionem
445 1538 677 1598 plurimum
706 1533 966 1595 dzffi'cultatis
998 1530 1040 1579 δ’
1061 1534 1240 1593 periculi
1267 1533 1436 1590 habere,
1454 1536 1562 1593 plu-

272 1613 385 1657 ribus
415 1608 590 1668 consciis
623 1607 870 1665 comparari.
901 1620 1043 1651 eventu
1063 1620 1254 1665 praeterea
1284 1606 1436 1650 incerto
1456 1603 1530 1667 effi
1542 1640 1562 1662 ,

272 1702 317 1732 ut
335 1702 411 1730 aut
424 1684 539 1743 finis
569 1682 751 1746 efficacia
775 1683 837 1725 ad
862 1699 940 1725 rem
961 1681 1241 1741 peragendam
1256 1713 1270 1736 ‚
1288 1694 1361 1724 aut
1386 1694 1476 1725 tuta
1502 1680 1565 1724 ad

273 1776 353 1805 rem
372 1759 588 1803 celandam
609 1758 767 1800 demur.
790 1756 840 1798 Se
863 1755 1056 1798 flaturum
1072 1787 1086 1809 ,
1107 1754 1219 1812 quod
1234 1769 1305 1797 nec
1321 1754 1368 1798 in
1385 1754 1527 1798 dando
1542 1787 1560 1808 ,

270 1849 344 1876 nec
369 1833 514 1875 datum
528 1864 542 1885 ,
564 1833 650 1874 ullo
656 1827 783 1891 fig'llo
804 1828 997 1886 deprendi
1016 1822 1159 1887 poſjbc.
1191 1823 1424 1871 Rammius
1439 1860 1452 1882 ‚
1473 1841 1560 1871 ve·-

271 1903 382 1949 ritus
413 1919 498 1959 ne,
520 1901 548 1946 fi
578 1898 828 1954 abnuisset,
852 1897 1022 1960 primus
1053 1897 1145 1961 ipse
1177 1896 1347 1947 veneni
1377 1895 1560 1960 experi-
1618 1898 1620 1901 ’

270 1988 471 2023 mentum
495 1974 621 2030 esset,
638 1974 854 2020 faRurum
875 1971 1103 2035 pollicitus
1124 1969 1441 2034 proficiscitur.
1477 1985 1562 2017 nec

270 2049 551 2096 Brundisium
575 2059 676 2093 ante
695 2046 867 2103 redire,
889 2059 1022 2108 quam
1041 2056 1274 2092 convento
1295 2044 1350 2091 C.
1371 2041 1560 2090 Valerio

270 2120 447 2183 legato,
471 2119 547 2182 qui
570 2119 688 2164 circa
715 2117 981 2163 Chalcidem
1007 2115 1090 2162 effe
1110 2115 1370 2169 dicebatur,
1392 2112 1560 2162 voluit.

272 2194 343 2241 Ad
371 2209 470 2239 eum
494 2193 686 2254 primum
710 2190 880 2236 indicio
912 2189 1061 2235 delato
1078 2225 1091 2245 ‚
1110 2187 1223 2249 jussu
1253 2187 1345 2248 ejus
1365 2187 1561 2235 Romam

270 2266 398 2313 fimul
420 2266 561 2313 venit.
588 2265 872 2312 lnu·odu(:his
894 2263 940 2309 in
961 2262 1128 2309 curiam
1143 2297 1158 2322 ,
1177 2279 1279 2326 quae
1297 2262 1391 2308 adia
1409 2273 1561 2321 erant,

271 2338 494 2403 exposuit.

335 2414 499 2458 XVlll.
525 2412 634 2460 Haec
659 2409 714 2457 ad
732 2425 781 2455 ea
799 2444 812 2465 ‚
832 2425 934 2471 quae
952 2407 1008 2454 ab
1027 2409 1230 2454 Eumene
1250 2404 1393 2452 delata
1411 2416 1562 2461 erant,

272 2484 512 2543 accessere,
535 2499 630 2548 quo
651 2481 869 2529 maturius
899 2480 1038 2527 hostis
1059 2479 1237 2528 Perseus
1258 2479 1527 2542 judicaretur
1550 2494 1563 2525 :
