1673 3052
325 204 413 251 106
681 203 1240 251 T1T1L1V11

321 329 422 360 rum
447 311 492 357 in
522 311 772 359 custodiam
807 311 954 361 dedit:
979 312 1142 374 praedae
1176 311 1261 358 alia
1290 310 1482 359 militum
1508 311 1601 360 ces·

319 384 426 433 sere.
461 385 693 430 Stuberam
727 383 831 430 inde
861 384 1008 432 vistor
1034 395 1264 433 revertens
1297 384 1354 430 ad
1383 383 1602 430 Gentium

318 455 493 518 legatos
513 491 526 511 ,
547 455 800 501 Pleuratum
824 455 1029 519 Illyrium
1046 490 1060 512 ,
1100 454 1374 501 exsulantem
1399 455 1518 517 apud
1537 453 1603 513 se,

317 528 367 574 &
388 528 611 590 Aputeum
634 528 931 575 Macedonem
961 545 984 573 a
1001 529 1160 574 Beroea
1176 562 1191 583 ,
1218 527 1367 574 mittit.
1400 528 1456 575 lis
1477 544 1600 574 man«-

317 598 392 644 dat
408 634 421 654 ‚
457 611 503 645 ut
522 611 805 662 exponerent
831 598 988 645 aestatis
1016 597 1112 660 ejus
1138 597 1383 662 hiemisque
1410 599 1503 646 a&a
1526 598 1602 645 sua

316 671 531 719 adversus
551 673 785 719 Romanos
805 671 1146 735 Dardanosque.
1177 669 1422 732 adjicerent
1447 688 1603 719 recen-

316 743 378 791 tia
405 744 451 791 in
485 746 672 810 Illyrico
703 746 901 792 hibernae
930 745 1233 810 expeditionis
1258 762 1411 808 opera.
1444 747 1604 793 horta-

316 832 473 864 rentur
493 819 709 865 Gentium
740 819 785 865 in
807 817 1050 867 amicitiam
1075 817 1224 867 secum
1251 819 1301 867 δι
1322 835 1427 867 cum
1448 819 1602 867 Mace-

316 891 513 940 donibus
538 891 823 957 jungendam.

382 967 488 1012 XX.
522 965 614 1022 Hi,
644 965 890 1030 transgreffi
911 965 1065 1030 jugum
1096 965 1257 1014 Scordi
1286 964 1491 1023 montis,
1519 982 1599 1028 per

316 1037 492 1101 lllyrici
525 1037 818 1097 solitudines,
852 1055 963 1101 quas
998 1038 1051 1084 de
1089 1036 1303 1084 industria
1339 1036 1604 1101 populando

317 1111 591 1159 Macedones
621 1111 855 1170 fecerant,
888 1128 944 1157 ne
967 1110 1174 1157 transitus
1202 1109 1352 1157 faciles
1377 1109 1605 1157 Dardanis

316 1181 363 1230 in
390 1184 624 1246 Illyricum
653 1201 728 1231 aut
752 1184 1067 1232 Macedoniam
1097 1183 1267 1240 essent,
1299 1182 1514 1230 Scodram
1541 1182 1604 1240 la-

317 1255 431 1303 bore
463 1255 635 1318 ingenti
665 1257 843 1302 tandem
873 1267 1193 1317 pervenerunt.
1228 1254 1332 1302 Liffi
1363 1271 1443 1301 rex
1473 1256 1604 1302 Gen-

316 1327 405 1374 tius
442 1338 547 1374 erat.
587 1344 642 1374 eo
679 1328 811 1374 acciti
843 1328 1004 1391 legati,
1043 1328 1251 1374 mandata
1288 1339 1604 1390 exponentes,

317 1399 512 1463 benigne
537 1400 675 1446 auditi
698 1400 822 1446 sunt:
852 1400 928 1463 qui
948 1399 1211 1463 responsum
1237 1399 1328 1447 fine
1357 1398 1515 1447 effectu
1534 1412 1604 1445 tu·

317 1474 468 1520 lerunt
486 1510 501 1532 ,
531 1478 800 1520 Voluntatem
815 1475 905 1539 sthi
932 1492 1018 1519 non
1036 1472 1157 1536 deeffe
1177 1477 1238 1519 ad
1253 1475 1491 1519 bellandum
1510 1491 1603 1519 cum

317 1551 555 1596 Romanis:
581 1565 748 1593 ceterum
779 1551 839 1593 ad
863 1550 1100 1593 conandum
1134 1549 1206 1603 id,
1237 1549 1351 1607 quod
1374 1550 1495 1605 velit,
1524 1565 1603 1607 pe-

318 1626 489 1668 cuniam
516 1626 701 1668 maxime
721 1620 854 1687 deeffi.
886 1623 996 1668 Haec
1015 1620 1246 1666 Stuberam
1266 1619 1458 1666 retulere
1485 1619 1604 1684 regi,

318 1707 413 1741 tum
440 1696 633 1742 maxime
654 1695 863 1758 captivos
882 1711 936 1740 ex
959 1693 1149 1757 Illyrico
1170 1693 1402 1741 vendenti.
1424 1695 1604 1739 Extem-

317 1769 398 1830 plo
436 1768 571 1814 iidem
610 1768 774 1832 legati,
812 1766 965 1814 addito
988 1766 1176 1813 Glaucia
1206 1783 1262 1813 ex
1295 1782 1484 1812 numero
1521 1782 1604 1812 cu·-

319 1840 495 1888 stodum
530 1840 763 1902 corporis,
786 1839 1073 1886 remittuntur
1102 1839 1192 1885 fine
1214 1840 1444 1886 mentione
1468 1855 1603 1901 pecu·

319 1912 406 1958 niae
427 1948 439 1971 ,
477 1930 565 1976 qua
596 1930 683 1960 una
719 1913 931 1960 barbarus
966 1912 1100 1974 inops
1135 1911 1308 1975 impelli
1346 1911 1400 1958 ad
1435 1911 1602 1958 bellum

319 1998 511 2048 poterat.
539 1991 772 2051 Ancyram
792 1987 895 2032 inde
913 1986 1154 2048 populatus
1176 1985 1377 2041 Perseus,
1392 1985 1438 2032 in
1460 1986 1603 2030 Pene-

319 2060 403 2108 stas
425 2061 597 2108 rursum
614 2062 861 2109 exercitum
883 2061 1081 2107 reducit:
1100 2059 1369 2123 firmatisque
1386 2058 1596 2117 Uscanae,

317 2138 367 2183 &
395 2136 512 2182 circa
545 2153 642 2183 eam
677 2153 755 2198 per
793 2136 944 2182 omnia
983 2135 1187 2192 castella,
1219 2152 1320 2199 quae
1348 2144 1606 2197 receperat,

318 2208 531 2272 praesidiis
550 2245 563 2267 ‚
586 2209 631 2254 in
655 2209 968 2255 Macedoniam
1001 2207 1085 2253 sese
1107 2207 1280 2269 recipit.

384 2281 511 2326 XX1.
545 2283 593 2328 L.
616 2280 825 2338 Coelius,
854 2283 1021 2344 legatus
1042 2282 1273 2327 Romanus
1290 2315 1304 2337 ,
1333 2292 1519 2342 praeerat
1548 2278 1604 2324 ll-

318 2352 494 2415 lyrico:
529 2353 640 2416 qui,
677 2353 857 2399 moveri
891 2369 986 2400 non
1018 2352 1173 2411 ausus,
1208 2370 1310 2399 cum
1339 2353 1385 2397 in
1414 2353 1467 2398 iis
1489 2351 1604 2398 locis

319 2442 397 2471 rex
425 2425 527 2471 effet
546 2462 559 2482 ‚
598 2426 696 2489 post
732 2425 1059 2488 profceiionem
1085 2426 1264 2473 demum
1291 2425 1384 2488 ejus
1411 2439 1602 2472 conatus

322 2498 367 2542 in
401 2498 591 2545 Penestis
627 2498 844 2547 Uscanam
882 2499 1117 2563 recipere,
1154 2516 1178 2547 a
1208 2498 1443 2562 pra-sidio,
1479 2496 1604 2561 quod
