1673 3052
296 194 354 245 88
645 196 1214 296 TITI‘LIVII

296 305 550 351 Carnorum
592 302 978 364 Istrorumque1&
1015 303 1237 365 Japydum
1275 301 1409 365 legati
1443 312 1583 349 vene-⁴

297 388 427 422 runt:
453 380 594 421 Duces
607 374 693 437 sibi
719 377 771 420 ab
798 375 959 434 confide
980 375 1107 436 Caffio
1129 378 1312 436 primum
1339 368 1584 435 impe-ratos,

301 454 371 512 qui
399 453 441 495 irz
463 452 758 495 Macedoniam
780 451 944 493 ducenti
971 451 1188 493 exercitum
1206 451 1280 496 iter
1295 449 1585 514 monstrarent.-

293 541 493 588 pacatum
522 527 573 569 ab
596 525 674 585 se,
706 538 906 583 tanquam
939 525 999 567 ad
1022 524 1146 568 aliud
1161 526 1306 568 bellum
1338 525 1585 585 gerendum,

300 595 422 657 al‘iffe
440 615 456 641 .·
482 600 579 643 inde
612 616 665 642 ex
686 600 820 642 medio
841 595 1052 657 regreffiem
1085 598 1227 641 itinere
1254 596 1445 660 hostiliter
1460 613 1585 654 pera-

298 669 426 734 graffe
442 673 553 730 fines
582 671 681 728 ficos
698 669 726 715 .·’
743 668 890 730 paffim
920 669 1164 728 rapinafiyue
1180 666 1222 714 ἃ
1239 670 1431 713 incendia
1438 666 1587 726 sabla:

304 763 377 790 nec
394 745 433 800 [ὲ
452 747 510 790 ad
530 746 578 790 id
601 747 780 789 locorum
800 745 910 803 scire
925 777 936 797 ,
961 755 1127 803 propter
1150 759 1272 803 quam
1297 740 1462 801 causam
1488 758 1589 785 cotz-

292 821 387 882 suli
404 839 484 879 pro
511 819 686 884 hostibus
706 816 883 874 fuerint.
916 817 972 861 Et
997 814 1153 878 regulo
1176 812 1414 860 Gallorum
1435 810 1591 858 absen-

305 893 339 940 ti
361 930 373 951 ‚
402 895 452 940 &
474 891 539 939 his
567 891 750 955 populis
769 890 1027 952 responsum
1061 890 1148 948 est,
1174 894 1372 936 Senatum
1400 907 1473 946 ea,
1505 905 1592 948 quae

298 969 420 1029 fllffll
453 983 702 1029 querantur,
743 984 866 1026 neque
894 964 1018 1028 sczffl
1049 965 1229 1024 fictura,
1266 981 1415 1023 neque,
1436 961 1485 1024 fi
1499 960 1594 1024 sint

297 1041 450 1102 sach,
469 1042 657 1102 probare.
693 1041 777 1084 Sed
808 1038 969 1083 indic'la
1002 1039 1129 1098 caustz
1161 1036 1358 1082 damnari
1390 1035 1593 1095 absentem

309 1115 564 1173 consularem
598 1115 757 1165 virum,
794 1110 993 1166 injurium
1027 1108 1102 1172 effe
1121 1144 1133 1166 ‚
1173 1127 1264 1155 cum
1296 1110 1334 1153 is
1369 1108 1595 1167 reipublicae

313 1189 439 1250 cazefa
474 1186 591 1250 aljfit.
643 1188 732 1232 Ubi
765 1204 818 1230 ex
851 1185 1108 1230 Macedonia
1145 1179 1299 1244 rediffi’t
1334 1181 1381 1226 C.
1415 1177 1607 1241 Caffius,⁴

310 1278 398 1308 tum
411 1296 425 1317 ‚
475 1280 489 1306 z
510 1278 645 1306 coram
666 1277 753 1304 eum
787 1276 949 1320 arguere
969 1261 1115 1303 vellent
1134 1291 1146 1311 ‚
1173 1257 1335 1316 cognita
1355 1273 1392 1299 re
1401 1255 1597 1313 senatum.

313 1338 508 1381 daturum
541 1351 702 1393 operam
721 1361 735 1384 ‚
766 1334 828 1376 uti
845 1332 1047 1389 satisfiat.
1085 1328 1181 1374 Nec
1213 1323 1470 1386 responderi
1499 1335 1598 1369 tan-

312 1418 409 1454 tum
433 1406 487 1453 iis
519 1404 723 1469 gentibus
742 1439 755 1462 ,
786 1402 858 1449 sed
879 1402 1051 1464 legatos
1079 1398 1222 1456 mitti,
1252 1399 1365 1444 duos
1391 1395 1444 1443 ad
1471 1412 1598 1459 regu-

312 1478 406 1526 lum
438 1492 558 1527 trans
594 1479 728 1541 Alpes
748 1512 762 1535 ‚
797 1487 885 1522 tres
915 1475 1033 1522 circa
1066 1489 1145 1520 eos
1176 1470 1375 1534 populos
1401 1468 1599 1533 placuit,

311 1553 391 1616 qui
426 1552 703 1609 indicarent,
729 1567 828 1614 quae
850 1550 1029 1595 patrum
1052 1546 1266 1594 sententia
1289 1545 1406 1592 esset.
1438 1546 1598 1591 Mune-

313 1644 361 1674 ra
397 1625 514 1672 mitti
547 1624 700 1687 legatis
730 1640 783 1670 ex
810 1620 928 1669 bit-iis
961 1621 1156 1668 millibus
1187 1618 1282 1665 aeris
1315 1617 1599 1665 censuerunt.

316 1697 496 1744 duobus
541 1696 753 1743 fratribus
786 1694 948 1758 regulis
985 1693 1081 1740 haec
1119 1691 1376 1754 praecipua,
1400 1702 1600 1754 ,torques

315 1770 408 1816 duo
429 1787 483 1815 ex
502 1769 706 1832 quinque
734 1768 890 1830 pondo
913 1765 1007 1812 auri
1037 1765 1137 1812 faffi
1157 1801 1169 1821 ‚
1196 1766 1245 1811 &
1271 1763 1372 1810 vasa
1396 1776 1601 1827 argentea

315 1842 518 1905 quinque
552 1859 607 1887 ex
638 1841 798 1905 viginti
831 1840 1017 1902 pondo,
1056 1841 1105 1886 &
1134 1839 1225 1885 duo
1258 1838 1360 1901 equi
1390 1836 1603 1900 phalerati

316 1933 421 1963 cum
452 1915 717 1976 agasonibus
737 1951 750 1973 ‚
786 1917 834 1962 &
864 1913 1084 1976 equestria
1119 1931 1238 1960 arma
1271 1929 1322 1959 ac
1350 1911 1519 1974 sagula;
1554 1912 1604 1958 &

317 1989 563 2037 comitibus
584 2005 739 2035 eorum
760 1987 1022 2034 vestimenta
1042 1987 1192 2032 liberis
1220 1975 1461 2048 servisque.
1494 1985 1604 2030 Haec
1670 1994 1673 1995 ’

318 2061 470 2109 missa:
506 2060 580 2107 illa
611 2060 864 2122 petentibus
898 2060 1027 2115 data,
1059 2071 1108 2104 ut
1139 2059 1358 2104 denorum
1380 2073 1605 2118 equorum

318 2132 372 2180 iis
394 2132 717 2180 commercium
739 2131 868 2189 estet,
900 2130 1209 2185 educendique
1240 2145 1295 2175 ex
1325 2127 1445 2174 Italia
1471 2139 1605 2189 pote-

320 2206 403 2253 ssas
434 2205 572 2254 fieret.
607 2204 739 2267 legati
770 2221 870 2250 cum
892 2203 1035 2249 Gallis
1064 2202 1175 2248 miffi
1210 2214 1327 2247 trans
1358 2200 1522 2261 Alpesf,
1548 2199 1604 2246 C.

320 2279 508 2336 Laelius,
543 2281 605 2324 M.
632 2276 836 2324 AEmilius
866 2276 1082 2338 Lepidus:
1116 2275 1170 2320 ad
1202 2286 1376 2320 ceteros
1407 2270 1605 2334 populos

320 2354 375 2399 C.
404 2352 625 2408 Sicinius,
655 2353 700 2397 P.
719 2350 959 2398 Cornelius
990 2349 1160 2405 Blasio,
1188 2350 1246 2395 T.
1270 2346 1520 2392 Memmius.

389 2429 465 2474 Vl.
499 2424 743 2471 Multarum
768 2422 895 2470 simul
918 2422 1109 2469 Graeciae
1130 2420 1334 2482 Afiaeque
1373 2417 1608 2465 civitatum

326 2499 463 2566 legati
494 2500 686 2548 Romam
713 2510 1047 2548 convenerunt.
1073 2493 1209 2543 Primi
1227 2489 1518 2542 Athenienses
1535 2489 1609 2539 in-
