1673 3052
268 186 349 235 [Ν
395 186 969 235 LOC.LIB.XLV1
1033 187 1181 235 mv,
1316 206 1405 254 243

111 295 176 350 ista
196 296 417 349 patimurque
429 311 442 336 ε
461 295 561 334 modo
571 295 625 346 fic
645 296 782 333 tandem
800 296 1027 348 satisfizffum
1037 297 1089 348 fit
1101 296 1159 334 irae
1172 298 1309 350 vestrae,
1333 299 1409 338 Pa.

113 369 183 395 tres
206 357 416 411 conscripti,
438 370 658 409 aerumnaeque
682 358 897 396 Rhodiorum
917 356 1027 395 velia
1050 359 1116 396 lme
1128 357 1279 411 fhrtuna
1298 362 1408 411 finem

110 419 306 459 inveniant.
325 420 366 457 id
388 430 504 458 autem
525 418 623 457 nullo
641 423 742 473 ραᾶο
759 421 899 475 sperare
920 421 1088 459 audemus
1101 451 1113 468 ,
1130 422 1215 473 ulfi,
1238 424 1335 475 quod
1354 435 1411 461 to-

110 483 179 521 cies
205 482 412 529 oravimus,
439 483 478 520 in
506 482 697 521 amicitiam
714 482 980 535 societatemque
995 483 1123 536 populi
1149 484 1302 523 Romani
1323 486 1409 524 r'eci-

105 545 260 597 piamur.
287 544 371 583 olim
394 543 576 596 invidiofiz
601 545 638 584 6»
652 545 813 598 susper‘la
832 543 954 582 multis
973 546 1095 598 potuit
1113 547 1183 585 hoec
1209 546 1271 598 effe
1284 549 1408 600 postu-

107 603 224 656 latio,
247 621 290 645 ne
312 608 363 645 ad
377 609 462 661 spes
484 607 613 645 nimias
627 605 885 660 praefiriptione
902 606 1014 659 vestrae
1026 608 1213 659 societatis
1229 610 1329 647 abuti
1351 623 1409 647 co-

106 668 297 722 gitaremus
313 684 325 708 .·
353 683 446 708 nunc
474 670 525 707 ad
545 683 620 706 eam
634 698 644 717 ,
667 667 764 707 velut
788 669 837 706 ad
859 669 1000 720 asylum
1023 668 1265 722 confhgimus,
1283 685 1344 710 nec
1366 681 1408 709 ut

109 731 199 769 aliis
227 732 340 770 timori
352 733 464 783 simus
478 761 489 779 ‚
514 731 581 783 fid
604 742 643 769 ut
671 731 786 768 timere
807 731 874 783 ipsi
889 731 1092 782 desinamus.

164 787 274 836 XIII.
293 795 398 836 Huic
422 794 607 842 orationi,
631 807 719 833 cum
742 793 874 834 fimilis
896 794 1111 845 argumenti
1130 793 1202 834 alia
1224 795 1407 845 quaedam

110 856 311 907 adjecisset
325 887 336 905 ,
356 857 526 907 imagine
541 856 792 905 humilitatis,
817 856 858 895 in
879 869 994 908 quam
1021 867 1070 896 ex
1092 865 1203 896 tanto
1228 857 1325 897 fastu
1345 857 1408 897 su-

110 920 194 961 bito
219 919 414 960 deciderat
441 919 641 958 clarissima
664 920 820 966 civitas,
847 920 969 959 movit
992 920 1141 959 animos
1164 921 1339 969 Panum,
1362 929 1408 960 ut

104 981 306 1034 societatem
335 995 410 1020 cum
429 980 695 1034 deprecantibus
709 980 929 1034 jungendam
949 980 1012 1033 effi
1037 981 1294 1021 decernerent.
1326 983 1404 1023 Ne.

108 1056 185 1094 que
209 1044 389 1091 deerant,
409 1043 474 1093 qui
490 1042 768 1089 reniterentur,
781 1043 983 1094 simulatam
997 1044 1213 1083 Rhodiorum
1234 1046 1405 1099 paeniten-

106 1106 194 1142 tiam
214 1112 439 1154 arguentes:
463 1102 529 1143 sed
550 1104 653 1153 apud
672 1101 800 1154 plures
826 1103 1087 1144 misericordia
1106 1105 1250 1155 valuit,
1268 1107 1404 1156 adjuta

106 1164 167 1206 Ti.
192 1164 358 1205 Gracchi
381 1164 600 1204 testimonio
615 1193 625 1211 ‚
648 1164 712 1213 qui
738 1165 1054 1219 finatufionfitltis
1083 1169 1244 1205 omnibus
1273 1168 1403 1207 obtem-

99 1239 261 1281 peratum
289 1241 313 1265 a
344 1226 500 1264 Rhodiis
525 1223 634 1277 fiizffie
668 1224 885 1272 referebat,
914 1230 1226 1281 condemnatosque
1255 1230 1405 1282 publico

97 1285 238 1341 judicio
263 1287 445 1340 universbs
460 1317 472 1334 ‚
496 1287 555 1338 qui
574 1287 740 1339 populum
764 1302 787 1325 a
812 1289 988 1327 Romanis
1015 1289 1272 1331 alienaverant.
1297 1293 1403 1333 Nam

107 1348 226 1400 huJus
254 1349 445 1399 Gracchi,
463 1351 502 1390 A.
523 1349 671 1391 Manlio
693 1352 734 1391 A.
758 1353 785 1393 F
791 1382 799 1391 .
820 1353 865 1393 T.
885 1353 931 1393 N.
955 1353 1176 1404 Torquato,
1201 1357 1251 1407 Q
1275 1356 1400 1397 Caffio

108 1412 152 1454 L.
170 1411 210 1452 F.
237 1413 287 1463 Q.
308 1412 357 1453 N.
384 1411 561 1462 Longino
585 1411 683 1454 Coff.
711 1411 872 1452 celebris
897 1412 1038 1464 legatio
1064 1428 1133 1466 per
1153 1416 1276 1456 Asiam
1300 1419 1402 1469 fuit,

104 1487 221 1526 quam
239 1473 368 1513 miffus
389 1473 437 1513 ab
462 1472 594 1513 senatu
623 1475 673 1513 ad
692 1487 749 1514 res
770 1474 963 1515 sociorum
985 1477 1248 1527 inspiciundas
1268 1480 1401 1521 obive-

107 1548 176 1577 rat.
210 1536 332 1577 Causa
368 1537 549 1576 mittendi
575 1537 741 1576 maxime
765 1537 860 1586 fuit,
885 1545 928 1577 ut
958 1550 1089 1578 coram
1122 1541 1401 1593 cognosceret,

106 1599 200 1650 quid
224 1597 439 1639 Antiochus
477 1601 513 1639 ὀὶ
543 1598 732 1639 Eumenes
757 1599 876 1638 animi
899 1600 1122 1651 confiliique
1147 1603 1313 1642 invicem
1334 1614 1402 1645 aut

107 1659 287 1700 adversus
327 1660 519 1712 populum
550 1658 770 1701 Romanum
806 1660 1005 1702 haberent.
1054 1663 1403 1706 Honorificentiffi-

108 1736 173 1762 me
203 1722 251 1763 ab
273 1732 438 1774 utroque
472 1737 560 1775 rege
594 1734 805 1776 exceptum
831 1725 986 1776 ferunt,
1007 1726 1116 1768 nullo
1149 1728 1405 1781 conspiratio-

106 1786 167 1825 nis
196 1786 295 1825 inter
322 1796 388 1825 eos
418 1794 523 1825 certo
551 1787 724 1837 indicio,
752 1786 987 1828 benevolum
1015 1788 1101 1840 ipsis
1126 1789 1402 1843 faventemque

109 1848 311 1888 revertiffe.

167 1911 274 1952 XIV.
309 1910 492 1951 Acerrimi
516 1911 585 1951 viri
609 1911 852 1969 diligentiam
876 1914 1068 1955 Eumenes
1093 1916 1299 1966 prudentia
1319 1916 1401 1956 elu-

106 1970 229 2021 serat,
258 1986 333 2024 qua
370 1975 526 2013 nemine
564 1984 649 2015 tum
680 1989 813 2027 regum
844 1977 1002 2018 inferior
1034 1978 1138 2028 fuit3
1165 1979 1308 2020 vicinia
1332 1994 1402 2032 po-

106 2035 315 2074 tentiorum
339 2037 387 2076 ad
409 2035 564 2077 consilia
588 2037 653 2077 sua
673 2038 836 2079 sollicite
857 2042 1022 2092 tegenda
1048 2051 1126 2082 tam
1153 2041 1269 2094 longa
1288 2053 1401 2083 aetate

107 2099 314 2137 exercitus.
337 2098 531 2139 Antiocho
549 2098 637 2140 loco
654 2099 848 2152 sapientise
865 2104 1058 2144 temeritas
1074 2103 1170 2152 fuit,
1186 2118 1261 2155 qua
1276 2105 1403 2144 omni-

111 2158 182 2199 bus
210 2162 250 2199 in
277 2162 440 2213 negotiis
465 2163 574 2212 usus,
593 2165 658 2204 vix
688 2163 810 2205 ullum
836 2167 956 2206 animi
981 2165 1038 2207 sui
1061 2177 1207 2207 certum
1232 2168 1403 2208 firmum-

113 2233 188 2271 que
213 2223 410 2274 vestigium
439 2224 584 2264 smebat
616 2228 884 2268 animadverti.
934 2228 1032 2269 Cum
1066 2232 1172 2270 enim
1202 2230 1264 2270 alii
1293 2243 1403 2282 reges

106 2285 326 2334 potentiam
357 2285 585 2337 divitiasque
617 2286 701 2326 suas
733 2291 814 2339 pari
846 2289 1105 2330 sollicitudine
1133 2301 1316 2342 augerent
1347 2302 1404 2330 te-

109 2355 336 2397 gerentque‚
359 2348 466 2398 gnari
489 2362 715 2401 magnarum
733 2364 851 2402 opum
874 2353 1019 2393 famam
1037 2352 1315 2404 suspicionibus
1332 2354 1405 2394 ob·

106 2408 269 2449 noxiam
283 2408 381 2459 effe3
399 2409 479 2458 hic,
494 2411 597 2462 quafi
613 2413 702 2452 data
723 2426 854 2464 opera,
877 2415 1064 2466 produxit
1079 2415 1278 2456 thesauros
1300 2416 1402 2468 suos,

163 2511 187 2557 5
212 2515 304 2553 xm.
329 2514 406 2554 Liv.
426 2516 517 2562 Epit.
544 2517 605 2562 46.
622 2517 696 2557 Pol.
716 2529 868 2565 excerpt.
892 2520 1007 2568 Legat.
1036 2531 1101 2564 104
1127 2523 1161 2556 δι
1185 2533 1262 2565 105·

1054 2577 1151 2638 Qz
