1673 3052
268 115 390 206 '‘1N
425 156 598 206 LOC.
647 158 776 206 ιιΒ.
832 158 882 204 L.
939 158 1083 206 [ιν.
1271 157 1366 223 367

83 265 215 313 ritata,
237 266 436 320 nullamque
455 266 492 304 in
517 265 628 303 tamis
650 265 897 304 acerbitatibus
909 266 1008 318 spem
1019 264 1126 318 pacis
1141 263 1176 302 6²
1195 266 1368 305 conditio.

16 351 20 356 -
83 343 185 376 num,
201 328 441 379 reputabant.
467 338 556 366 cum
572 325 715 376 subito,
729 326 848 368 veluti
873 328 1034 366 numine
1057 327 1228 377 quodam
1249 327 1368 378 obje-

88 392 191 437 ctus,
213 390 339 442 Scipio
361 388 610 438 AEmilianus,
635 391 809 429 omnium
834 389 981 429 animos
1010 402 1172 430 moerore
1199 402 1365 441 curaque

85 450 257 491 exsolvit.
280 450 515 492 AEdilitatem
540 463 630 490 cum
655 451 822 490 maxime
848 450 1027 501 petebam
1055 464 1144 490 narn
1167 465 1188 491 a
1210 453 1366 502 majori.

86 511 160 553 bus
173 513 453 564 magistratibus
468 521 557 554 aetas
572 525 660 552 eum
676 515 711 552 Sc
727 511 881 551 annales
904 511 1007 562 leges
1027 513 1217 553 arcebant.
1232 516 1279 554 At
1295 514 1364 554 ubi

84 573 256 622 primum
286 571 408 611 oeulis
435 571 571 622 populi
597 571 635 610 se
669 571 800 620 dedit,
822 570 953 620 resque
980 571 1027 610 ab
1054 570 1120 624 illo
1148 585 1270 623 nuper
1297 586 1370 612 ea·-

87 634 177 673 dem
201 634 242 673 in
267 634 396 673 Africa
423 633 552 683 gestae,
575 634 611 672 &
633 633 740 672 favor
761 632 970 682 exercitus,
996 635 1031 672 δι
1054 646 1199 674 nomen
1219 635 1368 686 Scipio.

86 708 196 745 num,
218 697 356 735 animis
379 703 647 744 occurrerunt,
668 693 786 744 vulgo
807 693 983 734 homines
1005 695 1238 745 exclamare,
1262 695 1367 736 hunc

84 769 166 795 non
182 756 299 796 modo
327 757 486 807 dignum
510 754 734 802 consulatu,
752 754 818 795 sed
839 768 960 795 unum
982 756 1077 805 effe,
1093 769 1115 796 a
1129 769 1207 807 quo
1226 757 1367 810 sperari

85 825 238 868 optatus
255 816 344 856 belli
361 817 447 856 finis
471 815 604 867 posset.
891 818 893 821 ’

145 888 338 929 XXXVI.
374 887 536 928 Urbanae
560 884 820 925 multitudinis
845 884 1071 924 desiderium
1097 898 1178 926 non
1200 887 1280 938 jam
1302 894 1368 927 tea

83 949 262 989 stimonia
286 949 405 988 modo
429 948 595 988 Africani
618 946 828 993 exercitus,
856 945 921 985 sed
947 945 1092 996 scriptae
1118 947 1167 986 ad
1188 947 1364 990 senatum

83 1009 199 1050 literae
223 1009 477 1059 adjuvabant,
503 1008 642 1058 quibus
673 1006 809 1047 diserte
835 1007 964 1058 Scipio
984 1009 1033 1047 ad
1053 1009 1366 1060 Carthaginiense

86 1070 232 1111 bellum
250 1068 387 1109 consul
412 1068 651 1118 poscebatur.
682 1067 897 1107 Obstabant
919 1076 1050 1107 tamen
1075 1068 1177 1110 haud
1210 1072 1363 1113 infirma

84 1131 331 1174 tendentibus
360 1131 664 1182 impedimenta:
694 1129 868 1180 majestas
894 1129 1024 1181 legum
1040 1161 1051 1180 ,
1078 1133 1243 1183 dignitas
1266 1147 1366 1183 cans

85 1196 332 1241 didatorum,
359 1196 394 1234 Sc
422 1194 639 1232 communis
668 1192 861 1232 seniorum
887 1193 1045 1242 injuria,
1071 1194 1097 1233 fi
1122 1204 1255 1245 praeter
1281 1211 1366 1238 mo-

84 1269 165 1296 rem
190 1258 225 1296 Sc
251 1262 385 1294 contra
404 1257 465 1304 jus
487 1256 527 1293 in
546 1254 702 1292 civitate
727 1262 926 1303 receptum
948 1254 1126 1294 universis
1149 1269 1246 1296 unus
1269 1259 1364 1298 ado.

83 1319 226 1359 lescens
249 1319 494 1369 praeferretur.
521 1317 616 1357 Haec
638 1316 703 1367 qui
724 1317 881 1357 comitia
904 1317 1071 1357 habebat
1100 1320 1233 1359 consul
1256 1322 1363 1362 Albi-

32 1388 35 1395 '
85 1393 157 1421 nus
171 1411 183 1428 ‚
206 1380 287 1420 haec
309 1379 373 1420 alii
392 1379 543 1419 Patrum
564 1379 822 1428 inculcantes,
838 1380 1048 1430 negabant,
1063 1384 1182 1435 salvis
1204 1385 1358 1438 legibus,

76 1445 249 1498 fizlvaque
275 1444 447 1496 dignitate
479 1442 661 1488 civitatis,
691 1442 858 1481 rationem
890 1444 1071 1495 Scipionis
1105 1447 1224 1484 luben·
1250 1449 1358 1502 poffi.

83 1507 218 1556 Neque
239 1505 388 1555 segnius
408 1504 476 1543 niti
498 1502 684 1556 populus,
701 1512 745 1542 ut
766 1503 984 1554 Scipionem
1000 1506 1136 1556 utique
1159 1509 1359 1551 consulem.

82 1567 247 1621 haberet.
268 1565 350 1606 Post
366 1564 485 1604 multa
502 1578 578 1603 non
599 1563 739 1604 leviora
751 1596 761 1613 ‚
777 1577 891 1614 quam
916 1579 984 1616 pro
1009 1568 1272 1617 magnitudine
1288 1572 1358 1622 rei,

83 1627 313 1675 certamina,
338 1639 426 1666 cum
448 1626 497 1665 ad
518 1625 672 1666 Romuli
697 1625 878 1676 Tullique
902 1627 1004 1678 leges
1030 1641 1256 1679 provocaret
1281 1647 1358 1684 po-

81 1690 196 1742 pulus
209 1689 294 1740 ‚fibi
308 1687 520 1727 comitiorum
537 1689 731 1741 potestatem
754 1689 801 1727 iis
818 1690 939 1728 datam
963 1689 1180 1741 clamitans,
1195 1706 1289 1735 unus
1305 1696 1355 1736 de

81 1751 246 1804 collegiO
270 1750 511 1790 tribunorum
536 1752 702 1791 minatus
724 1750 776 1790 est
802 1751 969 1802 consuli,
991 1755 1032 1806 ft
1049 1754 1114 1807 jus
1143 1757 1356 1798 comitiorum

13 1848 17 1850 .
81 1817 313 1863 ademarum,
334 1813 402 1865 nist
421 1813 599 1852 voluntati
622 1813 745 1866 populi
769 1813 913 1866 ceffiffit.
944 1814 999 1854 Ita
1026 1816 1217 1866 postremo
1243 1819 1360 1869 privi-

82 1877 227 1928 legium
247 1876 334 1915 ferri
356 1874 523 1926 placuit,
545 1889 620 1926 quo
645 1874 793 1927 legibus
816 1877 1016 1917 annalibus
1040 1879 1169 1930 Scipio
1196 1881 1355 1922 solvere.

79 1939 471 1989 tur‚accomm0dat0
493 1939 610 1989 magis
631 1939 678 1978 ad
702 1939 899 1989 praesentia
923 1940 1103 1990 consilio,
1119 1956 1232 1994 quam
1248 1946 1286 1984 in
1301 1945 1356 1985 se-

81 2009 261 2052 quentem
284 2009 432 2040 aetatem
457 2001 635 2052 exemplo
663 2001 824 2042 salutari.
856 2003 963 2043 Adeo
984 2017 1182 2055 nunquam
1205 2004 1356 2056 legibus

81 2064 158 2103 sine
179 2062 305 2112 aliquo
333 2063 552 2114 reipublicae
578 2063 809 2103 detrimento
836 2063 900 2105 sua
922 2066 978 2104 vis
1004 2067 1206 2116 adimitur,
1232 2070 1351 2108 etiam

79 2126 149 2167 ubi
175 2127 313 2165 mutari
332 2140 392 2166 eas
414 2126 577 2166 honesta:
598 2127 777 2178 justaeque
796 2127 914 2168 eausae
940 2138 1160 2180 coegerunt.

149 2203 355 2245 XXXVII.
386 2202 503 2244 Datus
533 2204 701 2256 Scipioni
730 2205 878 2258 collega
907 2207 948 2248 C.
978 2207 1106 2248 Livius
1132 2207 1355 2250 Mamiliani

127 2347 302 2392 §XXXV
326 2348 449 2381 Zonar.
467 2348 610 2392 Appian.
628 2347 753 2381 Auctor
769 2350 807 2382 de
825 2350 897 2384 Vir.
916 2350 964 2383 ill.
978 2363 1006 2384 c.
1026 2351 1076 2390 58.
1090 2351 1178 2385 Plut.
1194 2351 1349 2396 Apopht.

81 2397 177 2432 Rom.
206 2411 232 2432 c.
258 2411 309 2432 20.
340 2400 427 2433 Vell.
460 2412 496 2440 1,
527 2413 577 2434 ιι.
610 2401 630 2443 §
656 2401 814 2434 XXXVI.
837 2403 914 2434 val.
942 2403 1035 2437 Max.
1059 2404 1077 2439 8
1094 2430 1102 2445 ,
1130 2415 1184 2449 ³3·
1206 2404 1355 2449 Appiam

76 2453 181 2489 Diod.
214 2465 266 2497 ap.
290 2452 400 2489 vales.
427 2453 504 2499 LIX·
532 2454 621 2499 Epit.
645 2454 717 2489 Cic.
737 2456 770 2487 in
794 2454 898 2491 Laeno
922 2467 951 2490 c.
969 2466 1002 2502 3.
