1673 3052
295 211 391 263 '104‘
656 194 1240 280 T1T1L1v'1r?

293 327 403 356 num
433 309 698 373 praesidium.
733 310 972 378 Postquam
1000 313 1113 360 nihil
1140 313 1286 378 pacati
1304 314 1579 377 referebant‚'

292 400 561 448 oppugnare
580 383 642 430 est
662 384 845 432 adortus
864 421 878 443 ‚
904 389 954 435 &
985 404 1162 435 corona·
1189 405 1285 436 eam
1314 407 1470 453 capere
1494 409 1578 439 co·-

295 467 427 502 natus
461 456 534 503 est.
579 473 681 502 cum
713 457 804 503 fine
845 457 1166 507 intermiffione
1194 462 1389 509 interdiu
1421 464 1580 510 noctu*-

291 545 382 592 que
401 528 475 574 alii
504 528 599 575 aliis
618 529 907 577 succedentes
921 567 934 588 ‚
957 549 1058 594 pars
1079 531 1214 581 scalas
1235 534 1399 592 muris,
1425 535 1575 599 ignem

290 603 436 666 portis
467 603 713 659 inferrent,
743 603 1015 652 sustinebant
1047 618 1193 654 tamen
1212 623 1308 654 eam
1339 609 1575 670 tempesta-

291 689 384 723 tem
416 689 776 740 propugnatores
806 676 958 733 urbis;
991 679 1099 741 quia
1136 679 1232 742 spes
1265 692 1390 737 erat,
1426 697 1575 743 neque

289 749 449 797 hiemis
468 750 564 796 vim
584 748 750 796 diutius
769 749 859 811 pati
879 751 1159 798 Macedonas·
1180 752 1226 798 in
1245 764 1402 815 aperto
1425 754 1575 816 posse,

290 841 377 872 nec
398 825 454 871 ab
473 825 687 870 Romano
716 823 838 869 bello
861 835 1037 871 tantum
1065 825 1157 888 regi
1186 825 1427 874 laxamenti
1447 826 1575 886 fore,

287 911 340 945 ut
365 898 508 961 poffet
535 896 718 943 morari.
753 898 963 944 Ceterum
981 933 997 956 ‚
1027 898 1264 961 postquam
1294 900 1449 946 vineas
1475 900 1574 962 agi,

287 970 521 1033 turresque
557 970 745 1017 excitari
783 967 994 1016 viderunt
1018 1006 1033 1028 ,
1068 972 1187 1017 victa
1218 971 1460 1034 pertinacia
1495 972 1572 1020 est,

285 1061 389 1091 nam
409 1079 423 1102 ‚
455 1056 749 1105 przeterquam
782 1042 909 1105 quod
941 1042 1156 1092 adversus
1189 1043 1288 1090 vim
1312 1061 1438 1106 pares
1472 1060 1569 1091 nom

287 1128 413 1163 erant
431 1152 447 1172 ,
477 1132 532 1161 ne
562 1113 775 1160 frumenti
813 1114 993 1177 quidem
1027 1127 1103 1160 aut
1135 1115 1268 1162 ullius
1296 1116 1474 1163 alterius
1503 1115 1569 1162 rei

288 1189 423 1253 copia
452 1189 572 1234 intus
593 1199 688 1233 erat
708 1223 722 1243 ‚
752 1199 801 1232 ut
832 1187 879 1234 in
901 1188 1170 1250 necopinata
1201 1188 1451 1236 obsidione.
1481 1190 1570 1234 Ita-

286 1281 378 1329 que
406 1280 509 1309 cum
544 1261 634 1323 spei
669 1260 784 1306 nihil
814 1260 870 1306 acl
899 1260 1186 1307 resistendum
1218 1261 1348 1318 effet,
1376 1261 1431 1307 C.
1457 1260 1570 1307 Car-

285 1336 425 1382 vilius
454 1334 710 1396 Spoletinus
741 1335 789 1381 &
818 1335 872 1379 C.
895 1333 1106 1380 Afranius
1126 1350 1152 1379 a
1177 1333 1384 1395 praefidio
1404 1333 1568 1380 Roma-

285 1407 486 1456 noxmissi
503 1443 516 1463 ‚
547 1405 627 1469 qui
648 1424 672 1451 a
692 1405 852 1451 Perseo
875 1416 1078 1467 peterent
1095 1441 1110 1461 ‚
1134 1404 1310 1467 primo,
1340 1415 1392 1451 ut
1425 1421 1569 1451 arma-

284 1494 359 1528 tos
384 1480 548 1544 suaque
570 1479 715 1525 secum
738 1478 928 1524 ferentes
955 1477 1077 1523 abire
1098 1477 1285 1532 smeret;
1317 1476 1419 1523 dein
1435 1511 1449 1533 ‚
1472 1477 1502 1524 si
1522 1477 1569 1524 id

281 1553 434 1599 minus
468 1552 787 1613 impetrarent,
820 1551 928 1597 vitae
964 1562 1140 1597 tantum
1174 1551 1476 1615 libertatisque
1510 1551 1567 1597 fi-

282 1625 385 1670 dem
409 1624 676 1687 acciperent.
709 1623 976 1670 Promiffum
1004 1624 1050 1670 id
1075 1623 1309 1687 benignius
1330 1624 1392 1670 est
1420 1626 1475 1672 ab
1493 1643 1567 1673 re·
1639 1644 1644 1648 ·

279 1714 366 1759 ge,
399 1714 533 1760 quam
563 1697 819 1757 praestitum.
855 1696 977 1743 exire
1010 1697 1129 1742 enim
1166 1697 1243 1742 sua
1277 1696 1425 1744 secum
1457 1699 1565 1745 effe-

280 1770 481 1816 rentibus
505 1769 623 1830 juffis
643 1770 838 1832 primum
859 1785 979 1815 arma
997 1769 1172 1816 ademit.
1207 1768 1274 1815 his
1294 1768 1403 1814 urbe
1421 1769 1566 1832 egres-

279 1844 335 1890 fis
356 1845 426 1892 ,δε
444 1843 700 1906 lllyriorum
721 1842 909 1900 cohors,
926 1842 1180 1905 (quingenti
1200 1843 1352 1905 erant)
1366 1844 1414 1891 &
1428 1843 1563 1894 Uscav

279 1916 435 1963 nenses
462 1917 501 1963 se
520 1918 768 1980 urbemque
792 1917 1068 1963 dediderunt.

345 1991 470 2036 XIX.
502 1990 684 2036 Perseus
703 2026 715 2046 ,
733 1989 939 2051 praesidio
968 1989 1156 2036 Uscanae
1181 1988 1420 2052 imposito,
1446 1990 1563 2036 mul-

278 2061 518 2108 titudinem
552 2078 734 2109 omnem
755 2061 1037 2117 deditorum,
1070 2079 1170 2124 quae
1198 2078 1341 2125 prope
1369 2079 1561 2110 numero

278 2133 530 2180 exercitum
561 2135 793 2196 aequabat,
815 2134 1047 2179 Stuberam
1079 2133 1273 2180 abducit.
1314 2134 1376 2181 lbi
1396 2135 1560 2181 Roma·

276 2207 371 2263 nis,
399 2205 625 2269 (quatuor
645 2207 782 2252 millia
803 2219 949 2252 autem
970 2206 1205 2252 hominum
1224 2207 1382 2270 erant)
1402 2219 1561 2270 p-raeter

276 2279 532 2341 principes,
570 2279 615 2324 in
649 2279 894 2325 custodiam
936 2279 1172 2326 civitatum
1207 2280 1386 2336 divifis,
1420 2281 1560 2327 Usca-

276 2351 484 2397 nensibus
514 2351 764 2415 Illyriisque
795 2351 1017 2406 venditis,
1048 2352 1093 2397 in
1115 2351 1358 2397 Penestiam
1385 2351 1558 2397 exerci-

275 2434 373 2468 tum
411 2424 581 2473 reducit
613 2425 667 2470 ad
701 2427 921 2469 anneum
962 2424 1179 2486 oppidum
1212 2424 1257 2469 in
1293 2423 1556 2486 potestatem

275 2494 582 2558 reoigendunr.
627 2497 676 2544 &
695 2495 866 2559 alioqui
883 2508 1142 2560 opportune
1161 2494 1290 2542 situm
1302 2530 1317 2555 ‚
1336 2497 1384 2543 &
1404 2495 1556 2548 transi-⁴
