1673 3052
337 182 884 238 HISTORtARUM
920 183 1039 230 LIB.
1073 183 1217 229 XLV.
1323 197 1411 247 215

123 295 411 341 Acarnanum
443 289 662 339 concilio.
693 290 955 350 thaerendo
977 289 1137 336 deinde
1159 288 1316 346 latius,
1336 289 1416 353 qui

116 366 301 434 publice
317 377 391 412 aut
404 364 620 428 privatim
640 364 834 427 partium
850 363 964 426 regis
983 363 1184 421 fuissent,
1203 363 1249 409 in
1265 364 1416 410 Asiam

121 455 309 504 quoque
339 437 652 501 cognitionem
685 437 950 484 extendere:
985 437 1034 483 &
1064 436 1116 482 ad
1138 435 1338 482 Autiffan
1369 435 1416 482 in

119 511 270 558 Lesbo
288 508 430 556 insula
457 508 749 566 diruendam,
774 507 1076 554 traducendos
1096 509 1418 572 Methymnam

121 583 357 630 Antiffaeos
374 615 387 639 ,
406 582 662 629 Labeonem
684 580 927 637 miserunt3
960 581 1086 644 quod
1105 583 1386 627 Antenorem
1399 617 1417 638 ,

121 659 294 722 regium
318 657 605 722 praefectum,
625 674 719 721 quo
751 667 957 718 tempore
985 673 1088 702 cum
1117 655 1274 701 lembis
1295 654 1415 702 circa

96 731 315 799 ‘Lesbum
343 730 404 778 est
425 743 610 794 vagatus
627 767 640 787 ‚
671 742 807 792 portu
827 742 1059 790 receptum
1087 726 1416 774 commeatibus

111 803 350 867 juvissent.
378 806 489 852 Duo
508 804 650 851 securi
675 802 864 867 percuffi
884 802 974 849 viri
993 802 1211 865 insignes:
1234 802 1416 848 Andro-

120 878 525 926 nicusAndronici
547 877 666 932 filius
684 877 885 932 AEtolus,
913 876 1062 938 quod,
1092 888 1263 938 patrem
1284 873 1415 922 secu-

113 962 219 1010 -tus‚
249 967 370 998 arma
404 961 564 996 contra
597 949 822 1012 populum
853 949 1110 994 Romanum
1144 946 1331 1000 tuliffet3
1365 948 1416 994 δε

121 1026 225 1071 Neo
239 1024 506 1079 Thebanus,
526 1039 620 1086 quo
641 1022 823 1069 auclore
844 1019 1103 1068 societatem
1129 1037 1234 1069 cum
1250 1019 1413 1067 Perseo

120 1095 376 1159 junxerant.

186 1172 378 1217 XXXII.
400 1168 482 1217 His
505 1185 658 1216 rerum
674 1177 962 1214 externarum
985 1167 1327 1231 cognitionibus
1347 1167 1419 1214 in-

120 1242 377 1305 terpositis,
412 1240 720 1288 Macedonum
756 1238 907 1286 rursus
946 1240 1220 1288 advocatum
1254 1240 1414 1287 conci·

120 1315 262 1363 lium:
296 1313 640 1377 pronuntiatum
663 1347 677 1371 ,
720 1315 852 1374 Quod
881 1316 943 1358 ad
962 1316 1120 1381 statum
1152 1318 1416 1361 Macedoniae

114 1391 375 1451 pertinebat,
394 1389 611 1448 senatores
625 1422 641 1443 ,
665 1405 767 1447 quos
789 1392 1002 1448 Synea'ros
1021 1405 1198 1446 vocant,
1225 1392 1416 1450 legendos

122 1461 193 1526 ff
209 1497 223 1520 ,
247 1479 419 1524 quorum
447 1462 620 1526 consilio
653 1463 882 1522 respublica
911 1465 1276 1529 administraretur.
1316 1464 1418 1510 NO-

122 1533 244 1581 mina
269 1533 431 1581 deinde
453 1533 553 1580 sunt
579 1534 764 1580 recitata
788 1534 1046 1598 principum
1073 1536 1379 1583 Macedonum
1399 1572 1415 1595 ‚

123 1623 243 1671 quos
271 1624 373 1654 cum
395 1607 576 1665 liberis,
605 1606 855 1668 majoribus
879 1625 1010 1671 quam
1041 1609 1304 1672 quindecim
1334 1626 1416 1655 an-

121 1697 209 1728 nos
239 1681 382 1739 natis,
416 1681 669 1745 praecedere
700 1681 748 1728 in
778 1682 950 1728 Italiam
982 1683 1194 1746 placeret.
1227 1685 1299 1742 Id,
1320 1683 1416 1747 pri-

123 1771 195 1802 ma
225 1753 368 1818 specie
395 1754 566 1802 saevum
583 1791 597 1814 ‚
627 1771 739 1802 mox
769 1756 977 1819 apparuit
1005 1757 1285 1804 multitudini
1312 1758 1414 1802 Ma-

125 1829 352 1876 cedonum
384 1845 470 1892 pro
508 1828 711 1876 libertate
748 1829 822 1876 sua
854 1830 938 1876 effe
970 1830 1148 1878 factum.
1189 1829 1416 1878 nominati

126 1901 225 1949 sunt
250 1901 370 1949 enim
390 1902 506 1965 regis
535 1902 668 1951 amici
698 1904 1049 1967 purpuratique,
1083 1906 1217 1952 duces
1238 1908 1415 1953 exerci-
1468 1909 1473 1915 “

124 1987 284 2034 tuum,
318 1973 517 2038 praefecti
550 1975 737 2023 navium
767 1988 842 2022 aut
870 1977 1210 2038 praefidiorum3
1247 1978 1417 2026 servire

125 2046 223 2110 regi·
240 2045 496 2102 humiliter,
515 2046 609 2093 aliis
635 2045 821 2109 superbe
845 2047 1062 2110 imperare
1084 2050 1261 2097 affueti:
1299 2068 1416 2113 prae-

125 2119 292 2167 divites
322 2118 424 2178 alii,
459 2119 564 2178 alii,
592 2136 710 2183 quos
738 2119 921 2167 fortuna
951 2138 1045 2167 non
1067 2135 1321 2185 mutarent,
1348 2124 1415 2170 his

124 2192 340 2239 sumtibus
358 2209 511 2255 pares:
542 2192 692 2256 regius
716 2193 929 2240 omnibus
949 2194 1094 2242 victus
1118 2195 1415 2259 vestitusque:

124 2266 241 2314 nulli
279 2267 426 2317 civili-s
457 2266 632 2314 animus
654 2304 668 2325 ‚
701 2284 847 2331 neque
877 2268 1027 2332 legum
1058 2286 1202 2333 neque
1234 2270 1416 2315 liberta-

126 2341 183 2387 tis
208 2358 347 2403 aequae
383 2341 571 2404 patiens.
610 2343 784 2388 Omnes
816 2341 975 2405 igitur,
998 2343 1073 2405 qui
1106 2343 1152 2388 in
1189 2342 1415 2404 aliquibus

126 2413 380 2461 ministeriis
414 2415 548 2478 regiis
566 2450 580 2469 ‚
609 2415 741 2461 etiam
774 2415 853 2478 qui
882 2416 929 2461 in
953 2416 1151 2463 minimis
1172 2415 1415 2479 legationi-

127 2486 214 2534 bus
250 2485 457 2556 fuerant,
486 2485 584 2548 juffi
621 2487 889 2537 Macedonia
926 2490 1170 2548 excedere,
1201 2501 1330 2554 atque
1365 2489 1414 2539 in

1046 2565 1090 2607 Ο
1130 2583 1156 2612 ,1
