1673 3052
266 187 343 234 IN
381 185 549 233 LOC.
593 186 723 235 LIB.
763 186 949 234 XLIX
995 187 1131 235 LIV.
1289 200 1378 251 345

91 300 172 337 tem
199 296 335 336 diebus
357 309 406 336 an
432 294 623 336 menfibus
647 294 823 335 habitam
841 326 851 344 ‚
880 294 1043 347 septimo
1072 296 1277 348 Originum
1303 294 1388 334 sua-

93 370 177 398 rum
198 358 296 400 libro
320 359 486 400 inclusit.
524 360 650 400 Reum
668 358 903 399 defendebat
926 361 975 410 Q.
1000 359 1156 400 Fulvius
1179 359 1388 409 Nobilior,

41 420 48 422 '⁷
95 420 160 470 qui
189 422 226 460 ἃ
254 421 332 472 ipse
355 421 406 460 ob
433 434 490 460 res
507 451 518 470 ,
545 422 586 460 in
613 421 749 460 eadem
778 422 975 473 provincia
1000 435 1201 473 perperam
1223 421 1387 462 admini-

94 479 249 529 stratas,
270 481 368 533 saepe
390 481 579 522 laceratus
604 483 644 521 in
667 482 799 521 senatu
829 496 851 522 a
879 483 1027 522 Catone
1056 484 1193 524 fuerat.

163 542 280 583 LVII.
310 544 386 584 Sed
419 544 498 594 ipse
529 545 698 584 maxime
725 543 871 593 Galba,
899 557 988 584 cum
1017 545 1054 584 se
1080 546 1256 585 damnari
1283 545 1391 584 vide-

94 610 179 651 ret,
203 605 311 644 flexit
337 605 531 656 populum
548 608 584 646 <Sc
611 606 819 655 facundia,
844 619 919 656 qua
950 614 994 645 ut
1021 607 1118 645 inter
1145 607 1245 646 illius
1266 608 1390 646 aetatis

95 675 268 706 oratores
291 667 503 717 excelluit3
528 669 703 717 &magis
730 667 894 706 artificio
918 667 1159 708 concitandae
1179 667 1393 707 misericor-

99 727 200 776 diae,
232 739 322 766 cum
362 727 460 766 duos
492 726 592 766 filios
627 735 902 780 praetextatos‚
934 732 969 769 Sc
1002 729 1126 769 filium
1158 729 1200 771 C.
1231 729 1398 781 Sulpicii

102 788 220 838 Galli,
245 789 354 837 cujus
371 795 477 827 tutor
498 796 596 838 erat,
616 789 845 840 complexus
862 820 873 839 ,
900 791 995 831 nilzil
1013 806 1077 845 pro
1095 792 1135 844 se
1157 793 1308 841 recusare
1333 791 1392 829 di-

100 859 226 900 ceret,
235 852 303 904 sed
316 852 407 904 suos
420 851 546 889 liberos
558 882 569 901 ‚
582 853 650 905 sed
660 853 892 906 propinquum
900 853 1003 906 suum
1015 884 1027 902 ‚
1044 855 1204 892 memoria
1217 852 1393 903 clarffmi

94 913 213 967 patris
221 911 474 964 fizvorabilem,
486 913 619 965 populo
635 915 796 952 Romano
816 917 1051 953 commendare
1063 945 1075 963 ‚
1090 930 1154 963 ac,
1171 928 1338 967 tanquam
1354 914 1396 951 in

96 975 278 1028 procinflu
309 975 540 1026 testamentum
568 974 731 1027 fhceret,
758 976 836 1026 fine
869 976 960 1013 libra
987 989 1091 1029 atque
1123 977 1257 1015 tabulis
1279 991 1396 1029 popu-

100 1037 172 1076 lum
207 1037 402 1074 Romanum
438 1048 582 1074 tutorem
608 1037 778 1091 instituere
805 1051 918 1075 eorum
942 1039 1098 1078 orbitati.
1131 1039 1197 1079 Sic
1220 1038 1418 1089 mitigata„

101 1097 314 1147 concione,
341 1097 562 1148 petentibus
587 1099 775 1147 inimicis,
793 1099 1087 1140 &incumbenti
1111 1101 1161 1140 ad
1182 1100 1393 1151 perniciem
1418 1093 1422 1099 ’

101 1161 184 1210 ejus
211 1158 348 1199 Catoni
367 1172 389 1198 a
413 1159 562 1211 populo
590 1169 743 1212 ereptus
769 1160 846 1210 est,
872 1173 962 1201 cum
987 1175 1095 1213 paene
1117 1161 1269 1202 nullum
1294 1161 1398 1201 triste

102 1221 329 1272 suffragium
351 1221 557 1272 habuisset,
580 1223 645 1274 qui
669 1222 786 1275 paulo
810 1231 898 1263 ante
920 1224 1105 1265 consensu
1134 1225 1311 1265 omnium
1331 1237 1397 1275 pe-

102 1286 244 1325 riturus
264 1284 480 1325 videbatur.
510 1285 677 1335 Ferunt,
701 1287 855 1326 divitias
881 1288 915 1326 ei
941 1287 1085 1328 auxilio
1108 1288 1236 1337 fuisse,
1255 1299 1304 1327 ne
1330 1287 1397 1326 da-

101 1357 323 1388 mnaretur:
353 1347 418 1387 sed
447 1347 528 1399 ipse
550 1349 646 1390 Cato
673 1349 832 1400 scribit,
852 1351 920 1403 nzfi
930 1352 1053 1404 pueris
1079 1352 1115 1392 6»
1136 1351 1292 1391 lacrimis
1311 1350 1397 1403 afim

103 1410 207 1464 qffet,
226 1425 348 1462 poenas
374 1411 406 1448 ei
432 1411 591 1450 daturum
609 1411 733 1465 fuzffe.

173 1472 309 1514 LVIII.
339 1471 475 1514 Galbae
503 1473 551 1513 de
579 1473 653 1514 hac
682 1474 794 1516 causa
821 1475 1016 1516 orationes
1043 1483 1120 1516 tres
1144 1475 1234 1517 sunt
1255 1473 1397 1514 editae:

107 1536 194 1577 duae
223 1535 400 1576 adversus
425 1537 614 1578 Libonem
631 1570 642 1588 ,
664 1539 863 1580 tribunum
899 1539 1046 1592 plebis,
1078 1541 1397 1592 rogationemque

106 1600 191 1649 ejus
213 1611 222 1638 :
251 1611 328 1638 una
354 1608 491 1639 contra
513 1600 553 1640 L.
579 1600 804 1641 Cornelium
834 1601 1050 1653 Cethegum
1078 1603 1173 1655 (qui
1195 1604 1230 1642 ὁὶ
1257 1600 1337 1652 ipse
1358 1602 1402 1641 in

109 1659 273 1701 Galbam
297 1658 569 1712 subscripserat
585 1661 601 1711 )
617 1662 656 1701 in
681 1676 754 1714 qua
770 1666 973 1715 Lufitanos,
990 1677 1094 1717 prope
1110 1663 1184 1717 sefi·
1202 1664 1312 1716 castra
1337 1665 1398 1701 ha-

110 1724 225 1761 bentes
241 1753 252 1772 ,
267 1725 371 1777 caefhs
392 1724 555 1774 fatetur3
580 1727 674 1778 quod
696 1739 899 1780 compertum
920 1726 1103 1774 hahuerit,
1117 1740 1202 1778 equo
1218 1738 1321 1778 atque
1339 1726 1400 1763 ho·

111 1785 203 1824 mine
226 1785 293 1838 suo
319 1786 389 1824 ritu
419 1786 632 1837 immolatis,
660 1804 725 1842 per
749 1790 900 1848 speeiem
927 1790 1031 1842 pacis
1056 1789 1187 1827 adoriri
1215 1790 1402 1828 exercitum

101 1845 209 1899 fizum
233 1848 271 1885 in
294 1848 414 1886 animo
444 1849 611 1902 habuiffi’.
643 1850 807 1890 Infamia
831 1850 1139 1901 magistratuum,
1156 1863 1247 1890 nam
1270 1851 1316 1891 ab
1334 1849 1402 1889 ali-

110 1914 207 1957 quot
232 1906 338 1947 anuis
367 1908 504 1958 multi,
534 1909 585 1948 ob
614 1912 831 1962 provincias
858 1924 968 1950 avare
999 1910 1304 1960 administratas,
1331 1923 1401 1950 ac-

109 1968 228 2009 cusati
258 1970 436 2018 fuerant,
463 1984 552 2011 cum
579 1973 718 2024 optimi
747 1973 930 2025 cujusque
957 1973 1197 2013 sermonibus
1223 1974 1398 2014 traduce-

110 2039 238 2080 retur,
266 2032 506 2073 occasionem
535 2033 611 2085 legi
637 2036 766 2084 dedit,
793 2049 861 2087 per
884 2049 1000 2087 quam
1025 2035 1137 2076 sociis
1164 2044 1311 2087 ereptas
1331 2036 1398 2077 fibi

112 2094 298 2146 pecunias
323 2107 548 2147 recuperare
570 2096 717 2138 liceret.
747 2099 855 2139 Tulit
876 2099 916 2140 L.
934 2098 1164 2151 Calpurnius
1184 2099 1264 2139 Piso
1282 2099 1400 2139 tribu-

110 2167 184 2195 nus
209 2154 356 2206 plebis,
374 2158 461 2207 qui,
476 2157 605 2198 nescio
622 2172 671 2198 an
696 2159 746 2199 ob
763 2159 839 2200 hoc
851 2161 1015 2210 factum,
1036 2162 1180 2212 primus
1198 2162 1314 2214 Frugi
1334 2175 1400 2202 co-

113 2218 361 2270 gnominatus
379 2221 441 2259 est.
473 2222 568 2263 Haec
587 2224 736 2272 rogatio
762 2223 968 2264 diutiffime
991 2224 1134 2265 servata
1154 2225 1206 2264 est
1225 2225 1275 2264 ob
1299 2224 1403 2265 sumo

162 2334 186 2378 β
214 2334 299 2367 LVI.
322 2335 467 2380 Appian.
487 2337 628 2381 Hispan.
657 2338 760 2373 Corn.
785 2339 900 2384 Nepos
930 2342 964 2374 in
986 2341 1111 2375 Caton.
1139 2342 1217 2375 val.
1237 2341 1331 2375 Max.
1356 2343 1401 2382 8,

119 2388 151 2411 ι.
177 2379 248 2412 Cic.
273 2380 312 2411 de
334 2381 451 2413 Divin.
472 2393 500 2415 c.
526 2394 580 2415 20.
606 2384 691 2416 Idem
715 2387 748 2416 in
774 2385 865 2418 Brut.
894 2398 922 2418 c.
943 2397 997 2428 23.
1020 2387 1100 2419 Tac.
1119 2397 1134 2428 3
1150 2387 1224 2426 ,66.
1241 2386 1395 2427 Azellius

120 2432 174 2463 13,
199 2434 253 2463 23.
279 2423 353 2456 Liv.
378 2426 466 2469 Epit.
505 2427 646 2469 §LVIL
672 2429 839 2469 Quinftrl.
863 2431 902 2463 de
924 2440 1076 2474 corrupt.
1102 2424 1322 2474 eloquentsc.
1344 2443 1400 2471 25.

115 2465 192 2498 Liv.
214 2467 302 2510 Epit.
331 2468 402 2502 Cic.
424 2470 517 2502 Brut.
537 2483 565 2503 c.
591 2482 644 2514 23.
663 2473 748 2508 Idem
769 2475 807 2507 elz
828 2474 925 2508 Orat.
952 2487 963 2507 ι
979 2502 988 2517 ,
1013 2486 1068 2520 53.
1091 2475 1169 2511 val.
1188 2475 1282 2509 Max.
1307 2475 1382 2510 Cle.

114 2522 178 2555 pro
200 2512 345 2546 Murena
370 2526 399 2547 c.
420 2526 474 2548 21.
497 2515 644 2559 Appiam.
