1673 3052
231 189 330 250 '446
397 186 494 234 JO.
531 175 1463 239 FRE1NSHEM11SUPPLEM.

233 296 331 338 bum
352 324 366 342 ‚
395 294 461 345 qui
493 287 751 331 carbunculus
784 286 1028 340 appellatur,
1057 286 1100 326 in
1124 283 1326 326 annalibus
1357 290 1529 326 anneta-a

234 367 320 401 tum
341 358 404 397 est.

289 420 436 462 XVIII.
467 417 634 459 Comitia
667 416 809 457 deinde
837 414 1051 455 consularia
1077 412 1257 454 habente·
1271 413 1316 454 A.
1345 410 1529 461 Manlio,

235 497 329 526 nam
364 481 513 532 collega
539 483 622 530 ejus
651 481 700 530 Q.
725 477 869 519 Caffius
898 476 938 515 in
962 475 1183 527 magistratu
1203 473 1436 523 decesserat,
1465 472 1528 514 Ti.

234 545 489 597 Sempronius
521 544 560 585 P.
592 543 634 584 F.
664 543 724 584 Ti.
752 543 800 583 N.
823 539 1019 581 Gracchus
1042 538 1208 587 iterum,
1232 537 1303 578 Μ’.
1329 535 1532 586 ,Iuventius

233 611 284 652 T.
307 609 346 649 F.
374 609 420 648 Γ.
446 608 494 648 N.
525 606 677 648 Thalna
701 605 793 644 facti
817 603 916 643 sunt.
950 603 982 644 Ii
1007 614 1097 641 cum
1124 600 1383 651 magistratum
1404 594 1533 637 inivis-

235 673 344 718 sent‚
369 668 429 710 Ti.
455 666 654 708 Gracchus
681 664 869 712 Galliam,
892 663 960 704 Μ’.
983 663 1049 713 Ju·
1048 661 1184 701 entius
1210 658 1346 700 Corsos
1379 658 1534 710 provin-

236 734 318 773 cias
344 742 538 781 accepere.
569 728 635 768 sed
660 729 700 767 in
731 727 827 767 urbe
846 726 931 766 ludi
957 722 1198 776 Megalenses
1225 737 1247 763 a
1276 721 1319 763 L.
1349 720 1532 762 Cornelio

236 792 430 842 Lentulo,
461 792 502 833 L.
531 791 684 832 Valerio
712 790 874 836 Flacco,
909 788 1085 827 aedilibus
1113 785 1312 826 curulibus
1339 784 1410 824 affl
1433 783 1533 824 sunt.

236 858 286 899 ln
303 857 424 897 Corsis
445 854 612 895 feliciter
634 853 821 894 bellatum
848 851 960 891 causa
987 850 1096 891 fuisse
1115 858 1273 901 putatur
1297 846 1467 896 consuli,
1490 854 1535 886 ut

236 920 428 961 xarizlimo
458 918 528 958 fati
554 929 695 970 genere
724 916 905 955 interiret.
935 915 1035 955 Cum
1056 914 1158 952 enim
1185 911 1413 952 sacrificanti
1435 910 1536 950 forte

238 983 361 1023 literae
386 981 538 1021 senatus
578 980 700 1020 allarae
729 979 872 1027 essent,
894 991 977 1028 quae
1001 979 1043 1016 ob
1062 993 1116 1015 res
1139 977 1184 1016 ab
1211 991 1249 1015 eo
1270 976 1383 1030 gestas
1394 974 1536 1028 ficppli-

237 1047 412 1087 tationem
440 1046 610 1084 decretam
638 1042 900 1090 nuntiabant3
925 1053 989 1080 eas
1013 1038 1262 1079 attentissime
1286 1038 1418 1090 legens
1446 1044 1536 1077 ante

237 1108 418 1151 foculum
437 1139 448 1157 ,
476 1108 607 1152 subito
630 1106 824 1153 concidit,
850 1104 1078 1153 exstinclus,
1101 1111 1142 1142 ut
1163 1111 1346 1154 putatur,
1369 1103 1537 1154 gaudio,

239 1175 352 1223 cujus
374 1173 412 1211 in
431 1171 662 1212 translatitia
684 1169 870 1210 felicitate
895 1168 1164 1220 intemperiem
1186 1166 1365 1219 angustus
1383 1167 1538 1206 animus

237 1250 321 1276 non
346 1236 508 1274 ferebat.

297 1299 412 1340 XIX.
448 1298 605 1338 Circum
634 1296 718 1336 haec
747 1304 948 1347 tempora,
970 1306 1061 1333 cum
1084 1294 1162 1343 jam
1189 1291 1350 1332 mirifice
1375 1289 1538 1342 amplifi-

240 1370 328 1402 cata
356 1374 413 1400 res
441 1361 616 1400 Romana
640 1359 756 1405 esset,
777 1358 950 1397 moribus
977 1356 1152 1396 omnium
1177 1354 1299 1394 ferme
1327 1365 1536 1405 regnorum

240 1425 281 1465 se
300 1422 535 1475 permiscuit.
569 1433 686 1472 quare
714 1420 898 1471 deinceps
920 1418 1130 1458 domestica
1154 1425 1388 1467 externaque
1408 1415 1508 1468 gesta
1525 1446 1539 1466 ‚

239 1486 353 1525 sicuti
373 1484 490 1524 CauslS
514 1482 790 1534 eventibusque
816 1482 903 1522 sunt
927 1494 1127 1528 connexa,
1148 1480 1198 1519 fic
1220 1479 1336 1519 etiam
1357 1477 1540 1517 narratio-

241 1561 291 1588 ne
324 1548 624 1597 conjungentur.
659 1546 801 1586 Prufias
818 1557 1016 1595 nunquam
1033 1555 1162 1594 aequus
1184 1540 1374 1590 Eumeni,
1400 1543 1434 1580 ἃ
1458 1542 1538 1590 jam

241 1611 347 1663 apud
375 1610 550 1649 senatum
574 1608 868 1648 criminationes
893 1606 1072 1646 adversus
1095 1605 1205 1645 illum
1233 1605 1363 1657 pronis
1385 1604 1540 1644 auribus

241 1674 368 1724 accipi
400 1673 537 1712 doetus
554 1703 564 1719 ,
587 1685 666 1711 non
693 1670 890 1710 desinebat
915 1670 1116 1709 intendere
1140 1668 1400 1720 suspiciones,
1422 1667 1539 1707 etiam

243 1735 491 1787 Gallograecis
511 1736 545 1774 &
569 1731 834 1785 Selgensrbus,
852 1732 1012 1783 aliisque
1041 1745 1109 1783 per
1134 1731 1258 1772 Aliam
1286 1730 1464 1783 populis,
1489 1729 1539 1770 ad

243 1799 351 1839 idem
377 1799 606 1838 faciundum
633 1797 823 1836 excitatis.
858 1796 981 1849 Igitur
1008 1796 1219 1843 Eumenes,
1250 1794 1435 1846 quoniam
1460 1793 1541 1844 ipse

241 1862 368 1902 Roma
395 1860 706 1909 excludebatur,
732 1860 866 1898 fratres
891 1857 1064 1899 Attalum
1092 1860 1128 1898 ἃ
1156 1858 1384 1898 Athenaeum
1416 1857 1542 1906 misit,

244 1923 407 1975 querelis
436 1924 611 1963 omnium
638 1921 898 1973 responsuros.
929 1921 1048 1971 Quod
1073 1920 1127 1960 illi
1153 1934 1242 1960 cum
1264 1921 1367 1960 haud
1394 1921 1542 1959 incom-

244 1986 365 2026 mode
384 1985 582 2035 perfecisse
597 1985 819 2025 viderentur
834 2015 844 2032 ,
869 1983 1018 2034 magnis
1038 1982 1251 2022 honoribus
1276 1981 1462 2033 donisque
1486 1983 1542 2023 af-

244 2048 340 2090 fecti
358 2047 567 2087 discessere.
598 2049 736 2098 Neque
752 2057 881 2086 tamen
908 2046 1034 2085 omnis
1056 2057 1144 2084 cura
1169 2043 1325 2084 deceffit
1339 2043 1514 2084 Patribus
1529 2073 1542 2093 ‚

248 2123 448 2160 nunquam
475 2108 562 2147 sutis
589 2109 767 2156 credito,
801 2106 1070 2160 conspirationis
1095 2106 1264 2158 adversus
1278 2105 1447 2158 populum
1471 2107 1546 2144 Ro-

247 2185 389 2210 manum
410 2185 486 2208 cum
510 2170 696 2208 Amfocho
717 2169 815 2206 initae
837 2181 967 2205 vanam
996 2166 1203 2204 delationem
1221 2165 1342 2218 fhiffi

299 2231 398 2273 XX.
411 2229 561 2271 Placuit
583 2230 718 2281 igitur,
743 2231 780 2270 C.
799 2229 994 2283 Sulpicium
1017 2228 1188 2277 Gallum,
1208 2230 1268 2268 M.
1295 2228 1452 2282 Sergium
1463 2230 1544 2283 spe-

315 2339 336 2382 Ε
360 2336 756 2380 XV11.L·1v.43,15
781 2337 882 2368 Diod
910 2347 973 2379 31,
995 2347 1025 2368 2.
1052 2334 1239 2370 Censorius
1265 2334 1488 2376 c.19.Plin
1509 2343 1542 2374 7,

245 2383 301 2416 60.
337 2382 370 2415 &
390 2383 691 2427 26,1.Scnl'rge.t
724 2382 795 2414 (ic.
827 2392 888 2425 pro
916 2381 1040 2413 Do'no.
1082 2381 1102 2423 §
1128 2380 1369 2414 XV111.Fasti
1393 2379 1543 2423 Capitol.

246 2427 376 2460 vietor.
404 2431 437 2460 in
471 2440 498 2460 1.
520 2427 592 2461 Rhe
576 2438 621 2461 et.
625 2412 760 2460 Ci.cer
788 2427 928 2459 Titulus
958 2425 1194 2458 Heautontm
1218 2426 1304 2459 Tere
1310 2426 1429 2458 atiani.
1443 2392 1513 2456 ΡΞ·Ρ1
1509 2435 1541 2456 ·ι.

247 2473 452 2550 {J'sss'val‘
475 2473 568 2505 Max.
591 2473 746 2516 9,12.5
769 2470 861 2503 XlX.
883 2472 999 2515 Polyb
1026 2481 1099 2504 exc.
1127 2472 1194 2505 Le-
1177 2480 1240 2515 at.
1264 2470 1338 2503 106
1364 2469 1463 2503 Diod.
1489 2479 1541 2511 ap

282 2529 357 2549 rm.
