1673 3052
311 181 855 233 HISTORtARUM
889 180 1010 228 LIB.
1046 181 1191 228 XLll..
1347 196 1379 244 7-

79 289 375 341 seditionibus
398 323 420 348 ,ι
451 298 639 352 propter
675 287 903 351 ingentem
938 287 1034 335 vim
1068 285 1166 333 aeris
1206 283 1382 343 alieni,

34 399 45 408 --
81 365 159 414 sed
175 362 368 411 Thessali
387 361 551 408 etiam:
587 377 638 408 ea
665 360 967 424 contagione,
997 359 1124 406 velut
1153 358 1303 414 tabes,
1325 356 1384 404 ina

84 435 390 486 Perrhaebiam
430 450 616 498 quoque
649 432 701 479 id*
729 431 986 495 pervaserat
1029 432 1211 479 malum.
1254 431 1375 477 Cum

83 508 322 557 Thess’alos
337 508 384 554 in
403 506 538 555 armis
557 506 641 553 effe
660 506 913 553 nuntiatum
932 505 1018 562 est,
1033 508 1115 569 Ap.
1131 505 1374 552 Claudium

81 582 278 647 legatum
297 582 353 628 ad
377 597 448 628 eas
466 597 534 627 res
556 578 830 642 aspiciendas
860 577 1286 642 componendasque
1308 576 1376 623 se-

81 669 212 704 natus
241 655 371 702 misit.
410 654 538 714 Qui,
566 652 797 715 utriusque
830 651 964 716 partis
994 651 1276 714 principibus
1298 666 1376 696 ca-

84 729 252 792 stigatis
267 764 281 787 ‚
303 745 405 775 cum
426 725 594 788 injusto
614 725 795 772 foenore
819 738 1051 789 gravatum
1073 741 1130 771 aes
1156 723 1385 781 alienum,

84 799 190 864 ipfis
209 816 363 863 magna
388 815 444 844 ex
465 810 590 860 parte
610 796 965 845 concedentibus
980 833 993 854 ,
1011 796 1088 860 qui
1106 811 1379 853 onerarant,

86 872 294 929 levasset,
311 870 416 932 iusti
436 870 592 917 crediti
613 871 886 917 solutionem
908 871 955 915 in
971 873 998 894 ᾖ
1014 886 1238 916 annorum
1259 886 1373 932 pen-

75 946 234 995 ,fiones
269 942 516 991 distribuit..
545 944 633 990 Per
662 943 852 989 eundem
887 944 1086 1006 Appium
1120 943 1389 1006 eodemque-

83 1018 228 1067 modo
249 1015 511 1078 compofitae
534 1014 582 1062 in
602 1015 856 1061 Perrhaebia
876 1031 958 1062 res.
980 1015 1239 1065 AEtolorum
1264 1032 1373 1062 cait-

83 1090 152 1139 fas
178 1088 416 1136 Marcellus
446 1087 639 1150 Delphis
667 1104 746 1150 per
771 1087 888 1134 idem
923 1101 1099 1151 tempus
1133 1088 1371 1135 hostilibus

84 1165 202 1212 afflas
219 1163 399 1222 animis,
421 1179 532 1227 quas
550 1162 762 1209 intestino
794 1162 1008 1225 gefferant
1025 1163 1146 1209 bello
1162 1198 1175 1221 ,
1199 1180 1375 1226 cogno-

81 1236 170 1284 ·vit.
204 1237 325 1283 Cum
356 1247 573 1282 certatum
605 1233 814 1297 utrinque
845 1236 1095 1282 temeritate
1127 1247 1261 1300 atque
1295 1253 1383 1282 au-

82 1310 213 1358 dacia
245 1321 474 1368 cerneret,
511 1309 696 1355 decreto
721 1308 901 1372 quidem
930 1309 1007 1356 suo
1040 1325 1241 1357 neutram
1267 1326 1373 1372 par-

85 1397 178 1431 tem
206 1395 278 1430 aut
305 1383 457 1430 levare
474 1419 490 1440 ,
517 1394 592 1428 aut
624 1398 811 1438 onerare
841 1383 1024 1429 voluit:
1062 1382 1369 1430 communiter

0 1509 3 1516 7
85 1459 142 1506 ab
161 1457 360 1522 utrisque
387 1457 540 1519 petiit,
565 1456 835 1503 abstinerent
867 1456 988 1503 bello
1005 1492 1018 1514 ,
1044 1458 1106 1508 1&
1133 1456 1376 1503 oblivione

9 1538 13 1540 ’
84 1530 417 1596 praeteritorum
437 1528 681 1576 discordias
709 1527 902 1576 finirent.
933 1527 1085 1589 Hujus·
1098 1528 1379 1576 reconcilia-

83 1603 226 1650 tionis
246 1602 362 1648 inter
379 1600 498 1665 ipsos
519 1600 627 1647 fides
640 1637 656 1660 ‚
676 1601 905 1647 obsidibus
925 1601 1046 1647 ultro
1065 1600 1272 1664 citroque
1293 1603 1372 1649 da-

85 1676 170 1734 tis,
201 1674 375 1722 firmata
405 1674 480 1721 est.
513 1674 788 1724 Corinthum
807 1710 821 1733 ‚
860 1686 911 1722 ut
942 1674 1006 1722 ibi
1037 1674 1385 1737 deponerentur*

86 1749 290 1806 obfides,
323 1749 614 1796 convenitur.

154 1824 231 1869 Vl.
266 1823 307 1869 A
341 1820 536 1882 Delphis
569 1822 624 1868 &v
651 1819 853 1867 AEtolico
888 1819 1090 1867 concilio
1130 1819 1374 1867 Marcellus

86 1895 136 1944 i'n
174 1892 539 1957 Peloponnesum
577 1892 785 1954 trajecit,
823 1910 918 1957 quo
957 1892 1133 1941 Achaeis
1175 1894 1375 1941 edixerat

86 1981 383 2020 conventum.
416 1968 539 2025 Ubi,
565 1968 817 2015 collaudata
835 1981 991 2031 gente,
1018 1967 1146 2031 quod
1165 1967 1380 2015 constan·

86 2055 155 2090 ter
181 2054 314 2090 vetus
338 2040 568 2087 decretum
600 2039 654 2085 de
680 2039 886 2087 arcendis
911 2039 1037 2086 aditu
1069 2037 1225 2085 finium
1256 2038 1385 2102 regi-⁷

85 2117 169 2165 bus
194 2115 495 2163 Macedonum
527 2113 790 2170 tenuissent,
826 2113 997 2177 infigne
1029 2112 1240 2160 adversus
1267 2115 1374 2160 Per-

85 2190 156 2237 sea
192 2189 353 2236 odiunt
382 2189 694 2234 Romanorum
729 2186 869 2234 fecit:
905 2186 1033 2250 quod
1068 2198 1120 2233 ut
1151 2186 1377 2233 maturius

87 2274 369 2325 erumperet,
408 2263 630 2311 Eumenes
665 2277 775 2319 rex,
812 2260 1190 2309 commentarium
1227 2260 1374 2308 ferens

87 2339 264 2395 secum,
295 2337 422 2401 quod
446 2338 500 2384 de
529 2337 814 2400 apparatibus
832 2337 940 2383 belli
964 2337 1118 2384 onmia
1139 2336 1374 2399 inquirens

88 2409 281 2463 fecerat,
311 2411 505 2455 Romam
537 2409 681 2456 venit.
713 2411 795 2455 Per
823 2409 944 2455 idem
972 2421 1148 2471 tempus
1171 2407 1375 2470 quinque

87 2481 224 2548 legati
250 2482 305 2530 ad
332 2498 482 2547 regem
512 2481 621 2529 miffi
636 2517 652 2542 ‚
682 2481 760 2546 qui
785 2497 854 2529 res
882 2481 929 2528 in
961 2480 1230 2529 Macedonia
1254 2479 1376 2545 aspi-

1018 2558 1052 2601 Α
1091 2571 1119 2611 4
