1673 3052
289 194 836 245 HtsTomARUM
870 199 1162 247 LIB.XL11.
1303 216 1359 262 73

73 310 219 364 pacem
250 322 278 349 a
315 305 366 351 T.
400 304 602 366 Quiuft'io
638 307 786 353 vic‘lore
822 306 1041 371 accepiffet.
1076 310 1221 370 Neque
1240 311 1369 368 finiri

80 379 229 423 bellum
246 381 580 440 magnificentius
591 415 605 439 ‚
625 399 748 442 quam
766 400 792 427 a
809 398 896 428 tam
918 385 1176 430 memorabili
1184 401 1333 446 pugna
1345 401 1367 438 ;

80 467 205 510 neque
225 450 344 512 spem
364 452 591 510 firmiorem
619 457 744 515 pacis
764 472 962 516 perpetuae
995 458 1092 501 dari
1099 493 1110 512 ‚
1132 476 1257 518 quam
1278 476 1369 518 quae

75 526 282 585 perculsos
314 527 486 587 adverso
517 531 664 588 proelio
699 529 923 574 Romanos
962 530 1368 588 mollioresvflzfflura

64 596 133 660 fit
163 600 225 642 ad
238 599 546 663 paciscendum.
579 599 774 664 Quodsi
788 590 1084 646 Romani‘tum
1114 621 1269 663 quoque
1297 607 1370 648 itz-

71 669 160 734 sita
180 672 417 730 pertinacia
450 690 564 733 aequa
589 673 923 733 aspernarentur,
954 674 1076 718 Deos
1106 675 1369 734 hominesque
1401 737 1403 739 -

81 739 126 787 δ’
153 744 447 788 moderationis
464 744 601 804 Persei
616 778 630 801 ,
653 741 696 789 ὃ*
718 747 883 790 illorum
907 747 1134 805 pervicacis
1141 746 1367 806 ficperbiae,

67 814 242 873 futuros
269 817 392 882 testes.
421 816 667 878 Nunquam
698 815 753 861 ab
781 816 942 862 talibus
977 817 1173 865 consiliis
1198 818 1368 864 abhor-

78 887 206 934 rebat
237 887 353 950 regis
387 887 575 934 animus.
614 887 765 951 itaque
800 889 997 951 plurium
1036 890 1202 937 affensu
1236 907 1366 937 com-

80 959 270 1022 probata
303 958 365 1005 est
398 958 629 1006 sententia.
658 960 842 1023 Legati,
869 961 924 1007 ad
955 962 1188 1010 consulem
1223 963 1367 1020 miffi,

78 1030 285 1078 adhibito
309 1029 532 1093 frequenti
564 1031 757 1078 confilio
775 1067 788 1090 ‚
812 1032 949 1079 auditi
980 1033 1094 1082 sunt.
1128 1037 1279 1081 Pacem
1291 1056 1368 1097 pe·-

77 1120 180 1161 tere,
201 1106 397 1166 νεέἵίἕαῖ,
418 1121 619 1166 quantum
654 1108 881 1166 Philippus
904 1108 1056 1168 pac‘Yus
1089 1107 1204 1171 effee,
1234 1113 1364 1155 datu-

79 1197 169 1226 rum
182 1179 329 1238 Persea
344 1181 553 1225 Romanis
572 1178 851 1241 pollicentes.
876 1183 1066 1239 urbibus,
1081 1187 1192 1244 agris
1205 1218 1219 1241 ‚
1240 1185 1366 1244 locist-

78 1271 181 1316 que,
208 1256 354 1314 quibus
380 1255 604 1315 Philippus
631 1252 813 1316 cffffit,
844 1252 1036 1319 ceffurum
1049 1258 1248 1315 primum.
1269 1256 1366 1303 haec

79 1325 226 1388 legati.
259 1326 487 1373 Submotis
528 1326 627 1383 his,
656 1342 760 1373 cum
794 1326 1132 1386 consultarent,
1158 1329 1366 1375 Romana

79 1397 329 1444 constantia
355 1397 467 1446 vicit
496 1398 543 1445 in
572 1399 781 1447 confiliO.
817 1402 880 1446 lta
913 1412 1008 1447 tum
1042 1416 1143 1448 mos
1169 1413 1291 1459 erat,
1318 1402 1367 1448 in

79 1471 277 1519 adversis
297 1472 475 1519 vultum
496 1473 701 1520 secundae
725 1474 920 1521 fortunae
944 1491 1121 1537 gerere,
1142 1476 1369 1523 moderari

15 1604 19 1611 ¹
81 1544 256 1592 animos
283 1545 331 1592 in
364 1545 581 1593 secundis.
604 1546 888 1610 Responderi
917 1548 1109 1610 placuit:
1131 1552 1200 1594 Ita
1219 1569 1368 1610 pacem

81 1621 176 1665 dari
186 1652 199 1676 9
203 1618 255 1680 si
271 1623 318 1665 cle
329 1620 505 1681 summa
529 1639 659 1666 rerum
687 1624 854 1667 liberum
869 1623 1042 1682 senatui
1061 1624 1276 1683 permittat
1295 1640 1368 1667 rex

80 1694 187 1754 dese
200 1695 322 1754 deque
335 1694 525 1754 universa
542 1696 798 1740 Macedonia
804 1696 1021 1760 statuendi
1028 1694 1121 1752 jus.
1138 1695 1246 1741 Haec
1264 1711 1367 1740 cum

78 1767 400 1814 renuntiassent
427 1768 588 1832 legati,
614 1770 836 1816 miraculo
865 1770 1031 1834 ignaris
1057 1769 1197 1816 moris
1224 1769 1368 1832 perti-

77 1839 207 1887 nacia
220 1841 535 1888 Romanorum
554 1843 665 1899 effe;
684 1845 733 1891 &
754 1843 955 1906 plerique
973 1855 1151 1899 vetare,
1171 1843 1362 1904 amplius

77 1914 357 1960 mentionem
395 1916 517 1977 pacis
555 1916 714 1964 facere.
756 1917 878 1962 ultro
913 1933 1023 1962 mox
1063 1915 1327 1976 quaefituros
1349 1949 1364 1973 ,

79 1986 209 2049 quod
232 1982 433 2032 oblatum
455 1986 693 2035 fastidiant.
719 1988 899 2035 Perseus
921 1988 1035 2034 hanc
1055 1986 1193 2050 ipsam
1215 1986 1364 2048 super-

78 2056 225 2116 biam,
250 2059 418 2122 quippe
447 2076 503 2106 ex
535 2059 698 2108 fiducia
730 2060 899 2108 virium
929 2060 1042 2118 effe,
1072 2059 1256 2105 timere:
1286 2060 1363 2116 &‚

78 2131 290 2177 summam
326 2133 529 2195 pecuniae
559 2151 751 2198 augens,
782 2134 814 2180 fi
848 2134 996 2197 pretio
1029 2149 1185 2196 pacem
1216 2148 1364 2179 emere

79 2202 224 2265 poffet
239 2238 252 2260 ‚
276 2220 370 2250 non
393 2205 558 2252 destitit
579 2207 777 2253 animum
801 2206 1000 2253 consulis
1017 2218 1202 2252 tentare.
1234 2205 1364 2251 Post-

78 2291 214 2336 quam
237 2276 352 2322 nihil
374 2293 429 2323 ex
447 2294 502 2324 eo
517 2313 531 2336 ‚
556 2280 682 2342 quod
704 2279 853 2340 primo
875 2278 1163 2341 responderat
1179 2314 1193 2335 ,
1215 2288 1362 2323 muta-

78 2345 181 2404 bat,
201 2348 429 2409 desperata
458 2367 592 2410 pace,
612 2351 666 2398 ad
691 2351 930 2415 Sycurium
947 2386 961 2408 ,
986 2351 1105 2396 unde
1132 2348 1363 2411 profeEIus

79 2432 196 2476 erat,
217 2421 378 2478 rediit,
403 2422 508 2468 belli
531 2423 680 2470 casum
698 2424 751 2469 de
772 2423 950 2487 integro
971 2435 1235 2469 tentaturus.

143 2497 297 2544 LXIII.
329 2499 458 2545 Fama
479 2497 688 2561 equestris
708 2513 871 2561 pugnae
887 2533 901 2557 ‚
926 2497 1107 2561 vulgata
1135 2514 1214 2559 per
1233 2498 1364 2543 Grae-
