1673 3052
280 197 369 256 146
622 192 1184 241 T1T1L1V11

273 301 409 349 finem
430 299 709 349 Macedoniae
737 309 927 347 ventum
948 299 1052 346 effet
1067 335 1081 358 ,
1102 298 1379 348 subsisterent
1399 299 1484 358 ibi,
1506 317 1559 349 ac

272 376 461 423 nuntios
485 375 539 421 ab
569 372 609 420 se
635 373 968 436 opperirentur.
1000 373 1221 432 Gentius,
1247 372 1408 436 exigua
1431 386 1560 436 parte

270 449 478 514 pecuniae
496 459 680 509 accepta
695 483 708 503 ,
729 463 832 494 cum
852 445 1016 493 affidue
1041 446 1303 495 Pantaucho
1331 445 1388 493 ad
1416 445 1559 493 laces-

272 523 435 572 sendos
453 520 606 567 hostili
624 520 750 567 *faCto
771 521 1005 567 Romanos
1025 518 1350 578 stimularetur,
1366 521 1432 565 M.
1451 520 1560 566 Per-

269 612 456 659 pernam
494 596 543 641 δι
574 596 624 640 L.
653 593 876 639 Petillium
900 592 1101 656 legatos,
1119 591 1198 655 qui
1226 604 1324 639 tum
1353 591 1470 638 forte
1501 591 1565 639 ad

270 686 376 716 eum
400 679 644 725 venerant,
664 666 709 712 in
732 665 984 713 custodiam
1005 664 1216 726 conjecit.
1250 665 1354 713 Hoc
1371 664 1558 725 audito,

269 741 477 799 Perseus,
503 740 774 788 contraxisse
802 756 904 786 eum
935 739 1208 786 necessitates
1234 751 1354 786 ratus
1381 740 1435 786 ad
1463 740 1561 786 bel·

269 813 364 859 lum
390 813 543 876 utique
564 829 664 859 cum
685 809 928 868 Romanis,
949 810 1004 860 ad
1022 811 1358 868 revocandum,
1386 811 1466 874 qui
1483 829 1564 874 pe·.

270 886 451 934 cuniam
491 884 727 947 portabat,
751 883 897 930 misit:
932 883 1057 930 velut
1091 883 1205 930 nihil
1238 883 1358 931 aliud
1393 900 1526 948 agens
1543 916 1567 944 ,v

270 974 406 1019 quam
440 968 513 1014 ut,
545 968 711 1019 quanta
740 955 932 1001 maxima
964 955 1134 1018 posset,
1157 957 1308 1019 praeda
1340 972 1397 1004 ex
1430 957 1558 1005 viiio

267 1028 490 1077 Romanis
506 1027 822 1075 reservaretur.
842 1029 896 1074 Et
910 1029 965 1075 ab
981 1031 1182 1077 Eumene
1199 1032 1390 1094 Eropon
1401 1067 1414 1090 ,
1427 1031 1564 1094 igno-2·

267 1103 347 1162 tis,
363 1121 464 1167 quae
483 1102 663 1150 occulte
681 1103 773 1149 afta
792 1115 941 1162 erant,
954 1103 1083 1151 redit.
1102 1105 1178 1152 De
1199 1105 1390 1168 captivis
1411 1105 1558 1154 astum

267 1177 354 1224 esse
387 1178 436 1224 &
464 1176 546 1238 ipsi
577 1176 930 1239 evulgaverant,
958 1178 1010 1225 &
1039 1179 1261 1225 Eumenes
1295 1178 1558 1239 consulem,

269 1251 468 1301 vitandae
494 1249 759 1313 suspicionis
780 1250 930 1309 causa,
949 1251 1188 1299 certiorem
1208 1251 1329 1301 fecit.

332 1324 549 1371 XXVssl.
580 1322 786 1379 Perseus,
804 1322 905 1386 post
924 1323 1118 1372 reditum
1137 1325 1192 1372 ab
1219 1327 1557 1374 Eumene'Ero·

269 1397 426 1461 pontis
444 1396 519 1460 spe
543 1396 737 1457 dejectus
753 1433 767 1455 ,
796 1400 1077 1445 Antenorem
1096 1399 1148 1446 &
1166 1398 1424 1462 Callippum
1443 1416 1562 1462 prae·

269 1469 411 1515 feetos
445 1467 585 1516 classis
617 1485 720 1516 cum
749 1469 1042 1533 quadraginta
1072 1469 1230 1517 lembis
1256 1468 1472 1534 (adjefiae
1500 1469 1558 1517 ad

267 1542 390 1598 hunc
428 1557 664 1588 numerum
701 1541 905 1605 quinque
939 1542 1090 1605 pristes
1123 1540 1282 1605 erant)
1315 1542 1555 1590 Tenedum

268 1614 409 1665 mittit
424 1630 438 1669 3
462 1625 510 1659 ut
530 1612 635 1659 inde
666 1612 820 1676 sparsae
841 1631 920 1676 per
946 1613 1172 1679 Cycladas
1200 1614 1362 1661 insulas
1389 1630 1556 1674 naves,

268 1687 591 1735 Macedoniam
623 1704 727 1734 cum
763 1687 995 1735 frumento
1027 1700 1256 1752 petentes,
1288 1700 1556 1738 tutarentur.

267 1761 546 1808 Cassandreae
574 1761 772 1808 deductae
803 1778 941 1809 naves
967 1761 1013 1808 in
1038 1774 1199 1824 portus
1224 1762 1448 1825 primum,
1476 1763 1556 1824 qui

268 1833 349 1880 sub
369 1834 490 1881 Atho
522 1844 677 1880 monte
704 1833 825 1891 sunt,
847 1834 951 1880 inde
976 1834 1213 1881 Tenedum
1241 1833 1424 1897 placido
1443 1834 1557 1881 mari

268 1924 376 1955 cum
406 1905 698 1968 trajecissent,
721 1905 881 1952 stantes
911 1906 957 1952 in
989 1919 1125 1969 portu
1155 1907 1354 1954 Rhodias
1382 1919 1557 1970 apertas

266 1997 407 2028 naves
429 1980 766 2042 Eudamumque
796 1979 1053 2042 praefe&um
1080 1997 1257 2038 earum,
1280 1979 1520 2026 inviolatas
1539 2015 1556 2037 ‚

267 2067 401 2118 atque
426 2053 559 2099 etiam
579 2053 771 2116 benigne
790 2054 1038 2116 appellatos
1059 2053 1330 2100 dimiserunt.
1348 2048 1556 2117 Cognito

267 2126 429 2173 deinde
446 2162 460 2182 ‚
482 2125 527 2170 in
551 2127 684 2171 latere
702 2127 845 2172 altero
864 2125 1193 2189 quinquaginta
1212 2125 1438 2172 onerarias
1455 2123 1556 2170 sua-

266 2211 395 2256 rum,
425 2198 640 2244 stantibus
675 2199 719 2243 in
748 2199 864 2245 ostio
893 2213 1050 2261 portus
1080 2197 1292 2244 Eumenis
1325 2199 1553 2254 rostratis,

266 2271 430 2335 quibus
453 2269 640 2315 Damius
666 2283 880 2331 praeerat,
902 2269 1089 2317 inclusas
1106 2270 1219 2324 effe3
1243 2269 1554 2317 circumveffis

267 2359 462 2407 propere
475 2377 488 2398 ,
501 2359 553 2389 ac
571 2341 787 2389 submotis
803 2355 976 2389 terrore
994 2342 1188 2389 hostium
1207 2342 1424 2399 navibus,
1442 2357 1554 2387 one·

268 2416 402 2462 rarias
417 2452 430 2473 ,
450 2415 560 2461 datis
574 2452 588 2472 ‚
606 2416 684 2479 qui
704 2417 1077 2478 prosequerentur
1094 2451 1110 2472 ‚
1131 2415 1284 2461 decem
1304 2413 1483 2470 lembis,
1506 2414 1553 2458 in

267 2487 580 2536 Macedoniam
602 2487 784 2535 mittunt
806 2487 888 2535 :ita
903 2500 951 2535 ut
968 2487 1014 2535 in
1033 2497 1179 2537 tutum
1198 2484 1422 2549 prosecuti
1437 2483 1554 2535 redi·
