1673 3052
295 194 358 253 64
645 184 1214 236 T1T1L1v11

297 299 496 347 hostium
514 298 757 345 adventum
778 295 950 343 statuit:
971 296 1097 343 fimul
1123 297 1174 344 &
1193 294 1455 355 frumentari
1475 288 1577 360 pase

297 376 377 422 sim
395 371 644 419 exercitum
662 367 813 429 jubet
803 386 851 415 111
870 366 1065 429 subjecto
1085 368 1282 415 hostium
1301 384 1422 432 agro.
1451 387 1578 418 nam-³

297 465 386 512 que
412 443 652 509 Sycurium
675 442 736 488 est
765 441 846 487 sub
875 440 1097 488 radicibus
1123 441 1241 488 Offae
1271 441 1451 489 montis.
1485 458 1578 506 qua

295 522 345 569 in
365 517 596 566 meridiem
624 513 800 577 vergit,
818 511 1036 574 subjectos
1054 513 1186 561 habet
1201 513 1435 560 Theffaliae
1455 521 1577 560 cam-

297 607 409 656 pos:
439 590 493 636 ab
527 601 654 650 tergo
684 585 1000 632 Macedoniam
1028 598 1161 649 atque
1191 585 1478 649 Magnesiam.
1507 585 1580 633 Ad

297 667 376 712 has
400 661 764 727 opportunitates
792 658 962 704 accedit
984 658 1151 705 summa
1181 657 1410 706 salubritas
1430 661 1479 708 &
1496 676 1582 706 co·-

300 738 375 802 pia
393 773 408 794 ,
455 735 653 798 pluribus
697 728 993 792 circumjectis
1033 729 1235 778 fontibus
1254 765 1270 789 ,
1313 731 1582 793 perennium

298 825 532 874 aquarum.

366 886 459 929 LV.
490 878 664 928 Consul
693 878 956 934 RomanUS,
986 892 1066 938 per
1085 875 1264 923 eosdem
1290 875 1381 923 dies
1397 875 1584 923 Thess‘a-

299 956 405 1004 liam
442 970 545 1001 cum
578 949 781 997 exercitu
816 960 999 1012 petens,
1016 948 1109 996 ,iter
1141 948 1399 1011 expeditum
1431 951 1584 1012 primo

299 1046 382 1092 per
410 1027 596 1090 Epirum
628 1022 809 1070 habuit:
832 1022 1019 1079 deinde,
1041 1023 1276 1086 postquam
1298 1023 1345 1070 in
1372 1025 1584 1074 Athama*

303 1101 423 1148 niam
458 1099 519 1146 est
552 1096 864 1160 transgressus,
893 1095 1031 1158 asperi
1063 1113 1115 1144 ac
1139 1113 1282 1159 prope
1316 1096 1432 1145 invii
1466 1098 1584 1158 soli,

302 1173 596 1236 cumingenti
612 1170 868 1218 difficultate
885 1171 1035 1233 parvis
1052 1171 1286 1217 itineribus
1304 1186 1419 1234 aegre
1434 1173 1585 1219 Gom-

301 1246 649 1313 phospervenit
667 1264 678 1291 :
699 1244 771 1292 cui
793 1245 846 1300 fi,
867 1243 1043 1290 vexatis
1063 1243 1326 1290 hominibus
1346 1244 1586 1308 equisque,

302 1322 501 1368 tironem
533 1319 781 1367 exercitum
815 1318 995 1364 ducenti
1028 1317 1123 1364 acie
1152 1315 1362 1363 instrufflt
1395 1317 1446 1364 &
1469 1316 1585 1367 *loco*

303 1394 385 1440 suo
408 1395 457 1440 &
484 1405 688 1454 tempore
716 1390 948 1438 obstitisset
978 1406 1085 1447 rex,
1107 1404 1163 1435 ne
1183 1387 1377 1434 Romani
1404 1387 1586 1452 quidem

303 1467 532 1522 abnuunt,
560 1480 720 1526 magna
750 1462 822 1508 sua
851 1479 954 1508 cum
981 1462 1104 1508 clade
1136 1460 1261 1507 fuiffe
1293 1473 1586 1524 pugnaturos*

304 1537 546 1599 Postquam
585 1535 830 1597 Gomphos
867 1533 956 1579 fine
993 1533 1235 1580 certamine
1271 1545 1457 1580 ventum
1494 1534 1587 1594 est,

303 1624 466 1675 praeter
486 1610 695 1674 gaudium
718 1608 958 1669 periculosi
980 1607 1110 1654 saltus
1133 1607 1352 1669 superati,
1376 1621 1586 1655 contemd

303 1697 375 1730 tus
407 1700 592 1747 quoque
612 1681 830 1738 hostium,
849 1681 962 1726 adeo
985 1680 1287 1743 ignorantium
1311 1681 1588 1743 opportuni-

305 1768 416 1803 tates
439 1756 555 1813 suas,
575 1752 765 1802 acceffit.
795 1752 1026 1806 Sacrificio
1047 1753 1130 1798 rite
1151 1753 1350 1815 perfecto
1367 1789 1381 1811 ,
1401 1753 1586 1809 consul,

307 1831 358 1876 ὅ(
384 1830 611 1874 frumento
647 1828 751 1873 dato
772 1825 1011 1880 militibus,
1031 1842 1198 1887 paucos
1219 1827 1272 1872 ad
1298 1825 1498 1890 requiem
1518 1825 1588 1887 ju·

307 1914 565 1947 mentorum
598 1899 924 1960 bominumque
956 1911 1152 1945 moratus
1186 1897 1305 1956 dies,
1327 1914 1428 1945 cum
1457 1898 1589 1945 audi*

307 1988 375 2020 ret
401 1974 552 2036 vagari
583 1974 855 2020 Macedonas
886 1971 1048 2019 effusos
1076 1989 1153 2034 per
1181 1971 1475 2029 Thessaliam,
1504 1988 1589 2019 va·-

309 2047 501 2105 starique
537 2046 762 2092 sociorum
795 2061 950 2108 agros,
973 2044 1072 2091 satis
1099 2043 1185 2105 Jam
1218 2043 1429 2090 refectum
1466 2044 1590 2090 mili-

309 2130 397 2164 tem
421 2120 474 2164 ‘ad
496 2119 700 2164 Larissam
724 2119 862 2164 ducit.
894 2119 998 2164 Inde
1013 2155 1025 2173 ‚
1059 2134 1162 2163 cum
1184 2117 1265 2163 tria
1288 2117 1425 2164 millia
1440 2116 1589 2179 'ferme

310 2191 471 2238 abess‘et
499 2209 522 2237 a
552 2190 757 2252 Tripoli,
795 2189 976 2254 (Sceam
1012 2188 1212 2253 vocant)
1238 2188 1367 2251 super
1392 2189 1589 2237 Peneum

310 2280 484 2309 amnem
508 2264 657 2325 posuit
683 2262 831 2310 castra.
854 2263 934 2308 Per
957 2263 1074 2308 idem
1103 2275 1278 2323 tempus
1299 2265 1516 2309 Eumenes
1534 2263 1591 2309 ad

307 2337 568 2382 Chalcidem
592 2336 777 2381 navibus
802 2336 976 2381 acceffit
1001 2352 1105 2381 cum
1123 2335 1276 2381 Attalo
1300 2346 1430 2397 atque
1450 2335 1590 2381 Athe·

312 2426 411 2454 neco
443 2408 671 2464 fratribus,
693 2407 935 2453 Philetaero
960 2406 1094 2453 fratre
1125 2407 1280 2453 relicto
1309 2406 1508 2473 Pergami
1535 2407 1590 2453 ad

308 2480 487 2526 tutelam
516 2479 654 2544 regni.
687 2479 792 2528 inde
810 2495 914 2528 cum
933 2480 1087 2527 Attalo
1110 2481 1159 2529 δέ
1180 2491 1373 2543 quatuor
1390 2478 1588 2527 millibus
