1673 3052
148 192 233 240 JO.
255 190 729 240 FRElNS.SUPP-..1N
749 189 890 263 too.
907 189 958 235 L.
979 187 1126 235 XLVI
1143 149 1254 234 inv.
1291 203 1384 250 237

149 300 250 338 chum
281 310 424 352 puerum
460 298 645 336 admodum
674 297 881 349 reliquerat,
910 295 1070 335 continet.
1110 296 1222 333 Hunc
1243 295 1386 333 Antio-
1410 314 1423 331 s

148 363 249 400 chum
259 374 401 414 puerum
417 374 493 399 cum
507 361 617 412 Lysia
634 371 744 397 tutore
761 358 837 412 ejus
849 359 1054 397 Demetrius
1066 388 1078 406 ,
1097 358 1233 397 Seleuci
1249 359 1356 408 filius
1369 386 1382 406 ,

151 424 212 475 qui
236 425 384 465 Romam
402 422 501 474 obses
519 420 639 472 miſjt'cs
655 419 778 472 fixerat
791 449 804 465 ,
828 419 943 467 clam,
967 419 1050 472 quia
1072 419 1210 457 minime
1232 419 1387 458 dimitte-

151 486 258 524 batur
276 501 300 524 a
326 485 524 533 Romanis,
545 483 738 523 interemit:
767 481 802 520 6¹
826 484 899 535 ipsi·
924 482 960 519 in
985 496 1123 535 regnum
1149 494 1316 535 receptus.
1342 483 1389 524 L.‘

154 547 312 586 AEmilio
335 547 491 596 Paullo,
513 547 574 599 qui
594 545 719 597 Persen
743 546 896 591 vicerat,
921 556 1075 592 mortuo,
1099 556 1201 582 tanta
1223 543 1299 597 ejus
1324 546 1386 583 ab-

144 608 316 663 stinentia
341 608 440 661 ficit,
469 620 530 657 ut,
555 622 630 646 cum
653 621 698 644 ex
724 606 909 658 Hispania
938 605 973 643 G*
994 621 1039 644 ex
1061 609 1276 646 Macedonia
1306 622 1388 661 opes

155 671 320 724 retultffbt
335 700 348 717 ,
372 671 439 709 vix
467 685 513 708 ex
541 671 699 708 auslione
728 671 890 707 bonorum
915 668 991 722 ejus
1014 671 1181 709 redat‘lum
1200 673 1272 722 stt,
1294 673 1386 710 unde

152 733 259 771 uxori
289 731 365 785 ejus
382 733 452 774 dos
472 733 672 770 redderetur.
696 730 892 782 Pomptinae
910 730 1063 783 paludes
1092 747 1115 770 a
1141 733 1296 771 Cornelio
1320 735 1389 772 Ce-

152 795 255 846 thego
283 791 443 846 confide,
476 793 533 832 cui
559 807 601 831 ea
627 792 816 846 provincia
844 803 1028 841 evenerat,
1057 794 1218 843 ficcatae,
1243 806 1387 846 agerque

154 873 200 898 ex
225 858 273 897 iis
289 857 419 911 faffus.

101 1019 132 1061 Ι,
167 971 453 1060 AFFLICTA
476 1016 739 1058 Macedonum
767 1015 891 1066 regia3
916 1023 1049 1068 totque
1070 1014 1218 1056 nobiles
1241 1015 1392 1067 provini

102 1081 170 1122 ciae
202 1082 364 1133 imperio
395 1081 579 1130 adjectae,
605 1093 693 1119 cum
726 1080 941 1131 potentiam
967 1081 1180 1120 Romanam
1208 1080 1390 1120 omnibus

99 1146 180 1193 fiam
209 1142 360 1194 regibus
390 1141 681 1192 nationibusque
708 1140 1001 1180 formidabilem
1037 1141 1270 1191 effeciffent3
1304 1141 1391 1180 nul-

103 1204 186 1244 lum
203 1196 333 1243 'ferme
360 1217 521 1254 regnum
538 1233 549 1251 ‚
573 1202 678 1242 nulla
705 1201 922 1253 respublica
948 1202 1024 1242 fuit
1041 1234 1052 1251 ,
1079 1203 1171 1253 quin
1192 1204 1390 1242 mittendis

104 1266 273 1308 Romam
296 1265 430 1316 legatis
455 1266 589 1304 vic‘tori
610 1265 783 1316 gentium
812 1264 956 1315 populo
977 1263 1206 1305 adularetur.
1231 1266 1394 1304 Acuerat

102 1335 286 1378 praeterea
322 1325 563 1376 diligentiam
597 1325 840 1374 quorundam
874 1338 952 1364 non
983 1325 1145 1375 injustus
1174 1333 1322 1375 terror,
1344 1339 1394 1366 ne

105 1400 230 1440 poenae
263 1387 552 1439 reposcerentur
577 1399 714 1437 parum
745 1399 793 1425 ex
826 1386 903 1426 fide
933 1386 1045 1426 cultae
1082 1386 1284 1428 societatis.
1324 1389 1396 1428 Ista
1454 1420 1457 1421 γ

104 1450 277 1489 maxime
304 1448 415 1488 causa
445 1448 566 1487 movit
598 1448 812 1487 Eumenem
835 1448 923 1487 Afiae
944 1460 1096 1499 regem,
1117 1456 1161 1487 ut
1182 1449 1222 1487 in
1242 1449 1396 1489 Italiam

108 1512 323 1562 navigaret.
353 1511 566 1561 Comperto
588 1509 686 1560 regis
706 1507 861 1547 consilio
887 1509 1109 1549 dubitavere
1134 1511 1282 1559 Patres,
1302 1525 1396 1562 quo-

110 1587 201 1614 nam
218 1574 337 1613 modo
358 1573 485 1623 excipi
514 1571 731 1611 venientem
753 1584 883 1610 verum
906 1570 1007 1610 esset.
1036 1572 1178 1622 quippe
1199 1584 1287 1611 cum
1310 1587 1400 1624 pro-

111 1638 219 1676 ximo
243 1634 345 1674 bello
364 1633 620 1675 Macedonico
636 1663 647 1681 ‚
667 1644 790 1682 neque
812 1631 899 1671 satis
920 1646 989 1683 pro
1010 1634 1137 1672 amico
1152 1663 1163 1680 ‚
1181 1646 1304 1684 neque
1324 1648 1397 1685 pro

109 1698 219 1738 hoste
244 1699 282 1738 se
308 1696 489 1749 gestisset,
519 1695 741 1744 haerebant,
771 1708 820 1735 ne
847 1703 912 1734 aut
944 1695 1116 1746 repulsus
1145 1698 1397 1738 condemnari

108 1760 177 1800 isto
203 1753 389 1808 crimine,
417 1768 483 1798 aut
509 1757 687 1798 admissus
716 1758 865 1797 liberari
891 1759 1093 1798 videretur.
1131 1760 1232 1799 Nam
1266 1763 1302 1800 δε
1332 1762 1397 1801 ab·

83 1820 85 1822 ’
109 1820 255 1862 solvere
280 1821 439 1872 pigebat
459 1820 759 1872 haudquaquam
786 1820 942 1860 illibatae
966 1821 1058 1860 fidei
1079 1821 1229 1861 virum:
1264 1824 1299 1862 δε
1326 1838 1396 1874 pu-

111 1883 228 1923 debat
256 1883 360 1923 bello
390 1892 548 1932 petere,
568 1890 689 1933 quem
716 1883 784 1933 ipsi
811 1882 926 1933 paulo
955 1892 1044 1921 ante
1065 1884 1279 1935 principem
1302 1889 1397 1925 ami-

111 1955 271 1993 corum,
293 1952 338 1982 ut
368 1943 451 1982 aliis
480 1943 528 1982 ad
561 1942 763 1982 colendam
794 1943 1005 1982 amicitiam
1029 1943 1243 1985 Romanam
1268 1959 1397 1987 exem-

112 2006 223 2058 plum
254 2006 369 2055 effet,
397 2005 535 2056 opibus
565 2008 601 2046 δε
630 2006 840 2045 honoribus
870 2005 1070 2045 ambitiose
1094 2017 1294 2048 auxerant.

168 2069 218 2109 II.
241 2069 419 2109 Tandem
441 2069 561 2108 ea‘via
581 2068 749 2120 placuit,
767 2082 842 2119 qua
859 2069 978 2108 animi
993 2069 1164 2120 viresque
1183 2072 1279 2122 regis
1301 2072 1401 2111 fran-

114 2141 320 2184 gerentur,
346 2145 419 2171 nec
443 2132 482 2170 in
511 2131 621 2171 illum
655 2140 784 2171 tamen
820 2132 1050 2172 nominatim
1087 2133 1233 2185 aliquid
1263 2136 1399 2176 consti-

113 2203 293 2232 tueretur.
317 2192 439 2243 Igitur
462 2193 501 2232 in
523 2205 730 2232 commune
750 2193 826 2233 lata
843 2193 908 2233 lex
930 2194 1006 2242 est,
1026 2210 1068 2233 ne
1087 2197 1142 2234 cui
1161 2196 1232 2248 regi
1253 2199 1398 2235 Romam

113 2256 229 2294 venire
251 2256 374 2294 liceret.
419 2255 508 2304 Ejus
533 2256 753 2306 exemplum
789 2255 918 2296 miffus
941 2269 962 2295 a
989 2255 1121 2296 senatu
1144 2259 1301 2307 quaestor
1325 2259 1398 2299 Eu-

115 2315 242 2364 meni,
263 2315 325 2364 qui
349 2317 426 2364 jam
450 2315 689 2354 Brundisium
712 2316 929 2366 appulerat,
945 2317 1095 2359 attulit:
1122 2317 1230 2357 simul
1254 2319 1400 2357 denun-

118 2376 212 2415 tiato
226 2407 237 2425 ‚
252 2378 289 2427 fi
308 2378 393 2428 quid
410 2377 440 2415 ei
461 2392 485 2414 a
504 2375 636 2430 populo
657 2379 818 2416 Romano
843 2391 928 2430 opus
950 2377 1051 2429 effit,
1074 2381 1125 2416 uti
1148 2381 1256 2417 ederet
1268 2394 1283 2426 ,·
1308 2381 1401 2430 quoi

162 2503 186 2547 5
211 2502 236 2535 1.
260 2501 330 2537 Pol.
353 2511 504 2545 excerpt.
532 2501 646 2547 Legat.
671 2491 726 2543 9¹7.
750 2500 825 2534 Liv.
847 2501 937 2545 Epir.
960 2501 1015 2541 46.
1038 2501 1159 2546 Polyb.
