1673 3052
287 208 832 257 HISTORIARUM
867 208 994 258 LIB.
1028 209 1164 259 XLH.
1309 227 1367 271 41

86 324 323 361 venerunt.
358 328 438 360 eos
466 312 512 360 in
534 313 750 376 oppidum
781 313 1022 362 intromitti
1055 331 1151 362 non
1172 314 1371 380 placuit,

85 402 187 434 cum
217 385 305 447 jam
343 385 510 432 bellum
548 386 642 449 regi
679 402 838 433 eorum
878 388 928 434 &
961 389 1289 435 Macedonibus
1322 391 1374 437 &

86 458 259 506 senatus
278 458 514 516 decresset,
536 461 585 506 &
601 460 795 522 populus
815 458 1009 522 juffifl'et.
1039 464 1086 507 In
1109 461 1246 507 aedem
1268 462 1371 508 Bel-

85 532 207 578 lonae
239 531 287 577 in
325 531 523 578 senatum
559 531 806 587 introduffi
851 531 912 578 ita
950 533 1091 579 verba
1131 532 1335 581 fecerunt
1361 552 1374 582 ε

85 607 244 652 Mirari
278 606 426 667 Persea
457 623 608 668 regem,
639 609 743 666 quid
775 608 820 651 in
845 607 1143 652 Macedoniam
1174 611 1375 654 exercitus

84 678 361 739 transportati
388 675 519 741 ffnt.
546 681 599 724 Si
626 681 839 739 impetrari
869 697 897 724 a
913 680 1069 739 senatu
1092 679 1246 742 postet,
1268 697 1314 726 ut
1340 685 1376 729 ii

84 768 341 813 revocentur,
360 768 485 812 regem
505 752 554 795 de
574 749 748 805 injuriis
764 785 779 806 ,
798 751 849 815 fi
864 768 966 811 quas
972 753 1104 812 sociis
1112 752 1257 811 saihs
1275 772 1375 814 que-

83 840 287 880 rerentur,
317 825 518 869 arbitratu
530 823 708 882 senatus
715 823 1037 884 fittisfaHurum
1053 825 1137 889 effi.
1167 825 1240 888 Sp.
1261 827 1372 874 Cat·-

85 889 219 942 viliins
234 931 247 953 ,
265 896 319 942 ad
340 912 434 941 eam
456 894 590 957 ipsam
610 912 701 941 rem
722 913 777 942 ex
801 898 978 945 Graecia
998 897 1196 945 remiss‘us
1215 898 1269 945 ab
1287 899 1375 948 Cn.

86 967 257 1016 Sicinio
274 1003 287 1025 ,
308 967 355 1013 in
383 967 533 1014 senatu
555 980 662 1015 erat.
696 969 733 1015 is
752 970 1048 1018 Perrhaebiam
1075 985 1374 1035 expugnatam

85 1040 217 1088 armis
231 1076 244 1099 ‚
263 1040 496 1087 Theffaliae
515 1040 692 1103 aliquot
718 1042 852 1088 urbes
883 1056 1031 1106 captas
1047 1080 1059 1101 ,
1079 1058 1224 1091 cetera
1239 1080 1251 1100 ‚
1272 1060 1373 1106 quae

85 1125 162 1160 aut
179 1125 357 1178 ageret,
382 1124 459 1160 aut
480 1127 654 1175 pararet
675 1130 754 1159 rex
769 1150 781 1168 ‚
804 1131 905 1161 cum
936 1129 1166 1178 argueret,
1185 1116 1375 1180 respon-

86 1187 190 1234 dere
215 1187 269 1234 ad
288 1204 337 1234 ea
357 1187 487 1253 legati
508 1186 615 1248 juffi.
637 1187 872 1250 Postquam
896 1189 1156 1236 haesitabant
1173 1226 1185 1247 ,
1209 1207 1376 1254 negan-

85 1274 152 1309 tes
172 1262 249 1309 fibi
271 1263 385 1309 ultra
407 1262 650 1328 quidquam
674 1264 930 1309 mandatum
955 1264 1039 1310 effe
1056 1300 1067 1321 ‚
1090 1263 1186 1324 jnffi
1209 1281 1377 1311 renun-

85 1335 198 1381 tiare
221 1335 341 1399 regi,
371 1338 585 1397 Confizlem
615 1340 667 1385 P.
699 1339 907 1382 Licinium
941 1339 1052 1382 brevi
1077 1356 1166 1383 cum
1195 1340 1376 1383 exercitu

77 1407 273 1469 fitturum
302 1412 349 1454 in
370 1411 625 1454 Macedonia
648 1408 733 1472 effi.
777 1412 837 1455 ad
850 1428 964 1463 eum,
979 1409 1029 1471 si
1042 1408 1294 1470 satisfacere
1326 1412 1374 1455 itt

88 1483 233 1527 animo
267 1480 386 1544 effet,
419 1484 591 1527 mitteret
628 1486 797 1543 legatos.
833 1485 1015 1527 Romam
1049 1484 1162 1542 quod
1184 1498 1377 1541 praeterea

89 1556 280 1610 mitteret,
305 1573 391 1601 non
411 1554 484 1618 effi
499 1573 514 1601 .·
534 1558 735 1601 neminem
767 1575 900 1601 eorum
928 1574 1004 1616 per
1028 1558 1201 1602 Italiam
1229 1558 1286 1600 ire
1316 1555 1377 1599 li-

89 1632 277 1676 citurum.
305 1631 368 1676 Ita
393 1629 601 1687 dimiffis,
622 1631 667 1679 P.
691 1631 868 1678 Licinio
891 1629 1064 1677 consuli
1091 1630 1377 1687 mandatum,

88 1700 205 1750 intra
230 1702 517 1750 undecimum
544 1704 659 1749 diem
689 1702 862 1764 juberet
882 1721 959 1751 eos
981 1703 1105 1750 Italia
1134 1704 1377 1761 excedere,

90 1775 141 1822 &
161 1775 236 1838 Sp.
261 1774 512 1822 Carvilium
534 1776 754 1833 mitteret,
775 1776 882 1840 qui,
907 1776 1053 1822 donec
1073 1791 1234 1821 navem
1260 1791 1377 1821 con-

89 1845 376 1905 scendiffent,
401 1847 658 1895 custodiret.
690 1850 798 1895 Haec
831 1850 991 1895 Romae
1024 1848 1140 1904 aeia,
1169 1848 1378 1893 nondum

89 1919 301 1986 profeffis
328 1921 374 1967 in
397 1921 682 1984 provinciam
712 1921 985 1969 consulibus.
1023 1922 1116 1968 Jam
1146 1921 1233 1966 Cn.
1262 1920 1377 1967 Sici-

92 1991 192 2038 niu&
206 2029 221 2047 ‚
242 1992 317 2055 qui
331 2028 341 2047 ‚
357 1992 612 2056 priusquam
635 1993 887 2058 magistratu
910 1993 1075 2049 abiret,
1094 1992 1377 2038 Brundisium

92 2067 150 2113 ad
175 2067 348 2114 classem
372 2070 420 2116 &
441 2069 496 2114 ad
517 2068 762 2115 exercitum
786 2068 1029 2131 praemiffiis
1048 2078 1167 2125 erat,
1188 2065 1379 2127 trajeffis

92 2139 140 2186 in
156 2141 337 2203 Epirum
356 2141 557 2204 quinque
578 2141 774 2188 millibus
790 2141 987 2203 peditum
999 2177 1014 2198 ‚
1026 2139 1238 2187 trecentis
1253 2140 1379 2205 equi-

93 2213 243 2271 tibus,
273 2214 328 2261 ad
360 2216 667 2278 Nymphaeum
701 2215 748 2261 in
781 2231 887 2278 agro
921 2213 1206 2277 Apolloniati
1239 2214 1378 2261 castra

91 2287 296 2335 habebat.
327 2288 432 2335 inde
458 2289 664 2336 tribunos
690 2305 792 2335 cum
819 2289 998 2335 duobus
1026 2287 1225 2334 millibus
1257 2287 1378 2333 mili-

92 2371 189 2407 tum
209 2360 264 2406 ad
288 2362 552 2423 occupanda
574 2361 931 2408 Dafl‘aretiorum
953 2364 1001 2410 &
1021 2360 1282 2424 lllyriorum
1305 2375 1377 2405 ca·

94 2429 249 2485 stella,
283 2430 383 2492 ipfis
422 2432 733 2478 arceffentibus
771 2432 998 2493 praesidia,
1032 2443 1081 2477 ut
1121 2430 1314 2477 tutiores
1349 2446 1376 2477 a

94 2501 390 2552 finitimorum
410 2504 581 2568 impetu
605 2505 909 2553 Macedonum
928 2504 1066 2551 essent
1082 2539 1097 2564 ,
1116 2504 1245 2552 misit.
