1673 3052
288 210 376 256 192
654 174 1215 241 T1T1Liv1t

281 315 423 345 unam
440 292 579 362 palam
598 297 645 344 in
660 297 777 343 atrio
798 297 1036 347 Libertatis
1057 299 1323 346 sortirentur
1335 333 1350 358 ‚
1372 297 1422 346 in
1437 303 1573 362 quani

281 388 464 438 omnes,
479 371 558 435 qui
573 369 829 416 servitutem
844 370 1096 431 servissent,
1112 371 1408 433 conjicerent.
1425 370 1574 434 Esqui-

281 445 389 492 linae
407 445 501 491 sors
521 444 652 490 exiit:
673 443 720 490 in
740 460 789 489 ea
810 443 883 489 Ti.
900 444 1131 492 Gracchus
1154 442 1495 506 pronuntiavit,
1516 442 1573 488 li-

283 518 488 567 bertinos
516 533 675 563 omnes
701 516 868 563 censeri
901 516 1090 578 placere.
1126 518 1299 581 Magno
1325 533 1377 563 ea
1403 532 1471 562 res
1489 516 1573 561 ho-

285 592 392 640 nori
438 589 699 639 censoribus
732 590 851 652 apud
886 589 1085 635 senatum
1124 588 1224 635 fuit.
1272 589 1426 652 gratiae
1465 588 1571 634 3&ae

285 667 337 713 &
364 663 639 727 Sempronio
658 697 673 722 ‚
704 662 782 726 qui
813 662 860 709 in
893 662 1007 709 bene
1042 674 1198 725 coepto
1227 660 1574 724 perseveraffct3

285 740 337 786 «Sc
369 736 597 794 Claudio,
627 736 704 799 qui
741 751 834 780 non
873 735 1133 797 impediffet.
1163 735 1347 791 Plures,
1381 751 1516 798 quam
1550 752 1576 782 a

286 809 591 873 superioribus
610 845 624 867 ,
652 810 702 855 &
732 807 883 854 senatu
916 808 1055 854 emoti
1074 808 1200 866 sunt,
1229 810 1279 856 δε
1302 824 1446 871 equos
1466 824 1575 855 ven-

285 885 390 931 dere
423 882 542 946 juffi.
588 898 746 928 omnes
779 881 912 927 iidem
949 882 1003 927 ab
1038 895 1233 944 utroque
1267 883 1318 930 &
1348 881 1469 932 tribu
1504 898 1577 927 re·

287 957 440 1015 moti,
477 958 528 1003 &
560 953 706 1002 aerarii
742 954 875 1001 faeti:
916 971 1062 1018 neque
1093 956 1260 1012 ullius,
1292 971 1428 1017 quem
1465 954 1575 1001 alter

287 1040 500 1087 notaret,
534 1028 589 1074 ab
621 1027 764 1074 altero
797 1027 945 1073 levata
978 1026 1245 1090 ignominia.
1284 1026 1578 1085 Petentibu89

287 1115 338 1151 ut
367 1120 425 1149 ex
450 1101 658 1149 instituto
690 1102 744 1148 ad
766 1100 878 1148 sarta
901 1102 1012 1148 tecta
1037 1101 1258 1165 exigenda
1274 1133 1288 1156 ‚
1316 1101 1366 1149 &
1390 1101 1446 1147 ad
1465 1117 1579 1164 opeb

286 1194 335 1225 ra
348 1214 361 1236 ‚
379 1193 480 1240 quae
502 1174 739 1233 locassent,
761 1175 991 1237 probanda
1006 1210 1019 1232 ,
1038 1175 1142 1221 anni
1164 1177 1213 1223 &
1229 1173 1440 1221 bimenfis
1459 1187 1578 1221 tem-

288 1267 373 1314 pus
409 1260 764 1313 prorogaretur,
792 1244 879 1294 Cn.
910 1247 1183 1294 Tremellius
1207 1246 1448 1314 tribunus,
1472 1248 1578 1311 quia

287 1323 428 1370 lectus
450 1338 546 1368 non
569 1333 663 1367 erat
682 1321 729 1366 in
755 1320 951 1366 senatum
966 1356 980 1378 ‚
1015 1320 1270 1366 interceffit.
1304 1318 1476 1366 Eodem
1500 1337 1579 1366 ans

290 1414 356 1444 no
384 1396 437 1442 C.
462 1394 698 1456 Cicerejus
718 1395 859 1441 aedem
889 1394 936 1440 in
968 1406 1124 1440 monte
1150 1394 1330 1441 Albano
1351 1394 1579 1442 dedicavit

288 1468 610 1533 quinquennio
640 1467 769 1530 post,
804 1483 937 1529 quam
973 1466 1120 1512 vovit.
1156 1467 1332 1513 Flamen
1361 1466 1579 1514 Martialis

287 1545 585 1607 inauguratus
613 1540 674 1588 est
695 1557 751 1587 eo
782 1557 905 1586 anno
925 1543 972 1586 L.
994 1539 1244 1586 Postumius
1265 1540 1467 1588 Albinus.

358 1618 488 1664 XVI.
515 1617 576 1675 Q.
603 1614 751 1672 AEfio,
780 1615 842 1659 M.
862 1614 997 1660 Junio
1024 1613 1287 1660 consulibus
1308 1613 1362 1660 de
1382 1614 1580 1677 provin-

291 1690 376 1738 ciis
396 1688 693 1735 referentibus
711 1723 724 1744 ,
756 1686 965 1733 censuere
984 1686 1131 1732 Patres
1146 1722 1159 1742 ‚
1186 1686 1293 1732 duas
1312 1686 1580 1747 provincias

291 1760 551 1824 Hispaniam
578 1757 725 1804 rursus
751 1756 874 1813 fieri,
896 1773 999 1819 quae
1023 1772 1111 1801 una
1134 1772 1212 1817 per
1235 1755 1404 1802 bellum
1423 1757 1579 1805 Mace-

293 1835 515 1881 donicum
536 1831 705 1878 fuerat:
727 1832 776 1878 ὃ(
796 1830 1109 1875 Macedoniam
1138 1829 1459 1892 Illyricumque
1480 1830 1581 1877 eos-

295 1911 396 1955 dem
413 1944 427 1966 ,
456 1911 504 1954 L.
525 1906 726 1952 Paullum
753 1907 801 1952 &
820 1906 870 1951 L.
894 1904 1102 1950 Anicium
1123 1938 1137 1959 ‚
1167 1903 1399 1958 obtinere,
1432 1904 1579 1953 donec

295 1981 351 2027 de
377 1980 591 2026 sententia
620 1978 868 2040 legatorum
887 1979 933 2023 &
955 1992 1024 2021 res
1045 1975 1165 2022 bello
1185 1976 1380 2022 turbatas
1394 2011 1408 2034 ‚
1429 1978 1480 2023 &
1499 1977 1580 2024 sta·

295 2066 392 2101 tum
408 2054 541 2099 alium
558 2050 651 2111 ejus
667 2052 791 2113 regni
810 2049 1048 2095 formando
1067 2048 1432 2110 composuissent.
1453 2051 1580 2097 Con·

296 2124 466 2172 sulibus
489 2123 598 2168 Pisae
618 2125 665 2167 &
684 2121 832 2167 Gallia
850 2120 1038 2166 decretae
1063 2137 1164 2166 cum
1192 2120 1309 2167 binis
1331 2120 1582 2184 legionibus

296 2199 529 2262 peditum,
563 2198 611 2242 ὅ(
644 2195 841 2257 equitum
874 2193 1286 2257 quadringentenis.
1331 2194 1582 2241 Praetorum

298 2273 438 2319 sortes
465 2271 616 2325 fuere,
640 2271 700 2329 Q.
733 2268 866 2315 Caffii
907 2269 1097 2321 urbana,
1124 2268 1200 2313 M’.
1218 2267 1420 2314 Iuventii
1442 2266 1582 2312 Thal-

300 2363 370 2392 nae
406 2346 520 2390 inter
543 2343 805 2405 peregrinos
822 2379 835 2397 ‚
868 2341 942 2388 Ti.
961 2339 1139 2387 Claudii
1170 2339 1367 2386 Neronis
1403 2339 1582 2397 Sicilia,

301 2419 391 2463 Cn.
413 2415 561 2462 Fulvii
588 2414 795 2475 Hispania
829 2413 1041 2469 citerior,
1061 2411 1115 2458 C.
1141 2410 1305 2458 Licinii
1326 2412 1495 2459 Nervae
1517 2410 1583 2456 ul-

302 2490 458 2537 terior.
495 2492 551 2537 A.
590 2489 765 2535 Manlio
803 2487 1042 2550 Torquato
1079 2485 1281 2533 Sardinia
1315 2484 1580 2535 obvenerata
