1673 3052
332 171 876 221 H18TOR1ARUM
912 177 1035 224 ΗΒ.
1071 176 1214 225 XLV.
1318 193 1409 242 209

115 274 176 325 lia
203 276 385 326 viffima
408 278 495 326 aris
522 277 729 337 admota,
750 294 831 326 rex
859 279 937 332 illel
958 297 1113 345 regum
1141 281 1285 343 petiit.
1304 283 1410 330 Inde

117 353 337 414 Oropum
371 351 534 399 Atticae
566 364 753 399 ventum
787 352 878 409 est;
907 355 986 400 ubi
1018 372 1103 418 pro
1140 355 1248 402 Deo
1282 370 1411 404 vates

114 422 446 485 Amphilochus
489 423 686 479 colitur,
711 425 1017 488 templumque
1055 427 1277 475 vetustum
1314 430 1411 488 est,

115 494 322 543 fontibus
361 496 562 561 rivisque
602 498 718 546 circa
752 515 998 548 amoenum.
1037 501 1235 551 Athenas
1271 503 1410 564 inde,

50 590 52 592 ¹
113 569 269 634 plenas
303 570 485 633 quidem
519 573 569 619 &
597 571 707 634 ipsas
739 573 956 620 vetustate
986 573 1136 632 famae,
1166 576 1304 623 multa
1339 591 1411 625 ta-

114 658 219 690 ·men
248 643 431 691 visenda
461 644 702 691 habentes:
730 663 905 705 arcem,
932 660 1115 710 portus,
1143 666 1299 698 muros
1333 653 1409 699 Pi-

113 732 278 763 raeeum
303 717 405 764 urbi
435 716 691 780 jungentes,
712 720 889 766 navalia
917 737 1183 784 magnorum
1214 724 1408 786 impera-

110 802 264 838 -torum
279 826 292 848 ,
316 791 548 838 simulacra
570 792 774 839 Deorum
798 794 1131 858 hominumque
1145 832 1163 854 ,
1184 798 1312 844 omni
1331 815 1409 863 ge-

113 880 222 910 nere
253 863 518 911 &materiae
548 868 595 911 &
615 865 777 911 artium
806 867 1009 931 insignia.

177 938 389 984 XXVIII.
408 934 638 983 Sacrificio
656 939 880 986 Minervae
903 941 1074 1002 praesidi
1093 942 1206 989 arcis
1224 941 1273 989 in
1293 944 1408 991 urbe

110 1009 232 1058 facio
269 1008 494 1072 profectus
513 1045 528 1068 ‚
565 1011 846 1059 Corinthum
885 1014 1028 1061 altero
1065 1016 1137 1062 die
1180 1019 1408 1080 pervenit.

113 1082 220 1129 urbs
236 1094 329 1128 erat
355 1093 463 1127 tunc
491 1081 701 1142 praeclara
731 1096 833 1129 ante
855 1085 1095 1133 excidium.
1122 1102 1199 1133 arx
1221 1105 1409 1152 quoque

112 1154 165 1201 &
192 1152 374 1200 Isthmus
392 1154 621 1215 praebuere
650 1153 972 1216 speitaculum:
999 1173 1078 1202 arx
1108 1159 1224 1205 inter
1250 1162 1409 1209 omnia

106 1226 160 1273 in
196 1228 439 1273 immanem
477 1226 755 1273 altitudinem
794 1228 937 1288 edita,
963 1229 1133 1278 scatens
1172 1232 1375 1282 fontibus
1395 1253 1408 1283 ε

107 1299 295 1354 Isthmus
315 1299 408 1344 duo
428 1299 565 1344 maria
581 1333 595 1354 ‚
619 1299 673 1345 ab
696 1300 859 1346 occasu
879 1304 927 1348 ὅ(
947 1316 1053 1348 ortu
1071 1302 1175 1351 solis
1197 1304 1407 1367 finitima,

111 1371 240 1419 arctis
274 1370 475 1418 faucibus
500 1370 728 1418 dirimens.
761 1372 1010 1437 Sicyonem
1042 1375 1146 1423 inde
1179 1381 1228 1426 δε
1256 1383 1405 1444 Argos

111 1442 291 1491 nobiles
309 1442 441 1489 urbes
459 1442 574 1488 adit:
594 1441 697 1488 inde
717 1443 833 1490 haud
853 1461 1006 1507 parem
1027 1447 1192 1509 opibus
1210 1452 1408 1513 Epidau-

110 1533 232 1574 rum,
257 1515 330 1562 sed
349 1515 551 1562 inclitam
587 1515 828 1579 AEsculapii
855 1518 1001 1564 nobili
1030 1523 1226 1584 templo;
1249 1528 1375 1588 quod
1391 1561 1408 1586 ,

107 1590 312 1652 quinque
330 1588 526 1635 millibus
545 1588 741 1651 pafi'uum
760 1591 813 1636 ab
834 1591 946 1637 urbe
968 1592 1130 1640 distans
1146 1630 1159 1652 ‚
1186 1613 1307 1645 nunc
1325 1617 1406 1647 ve.

112 1661 250 1725 stigiis
281 1661 568 1710 revulsorum
591 1661 847 1721 donorum,
869 1677 968 1710 tum
993 1665 1128 1713 donis
1148 1669 1274 1718 dives
1294 1684 1410 1735 erat,

111 1751 213 1798 quae
237 1734 543 1781 remediorum
564 1735 820 1782 salutarium
843 1737 947 1801 aegri
980 1742 1231 1788 mercedem
1263 1744 1408 1792 sacra-

113 1819 274 1856 verant
297 1809 420 1857 Deo.
440 1808 546 1855 Inde
563 1810 936 1857 Lacedaemonem
960 1813 1076 1872 adit,
1095 1831 1190 1862 non
1211 1834 1407 1881 operum

112 1880 474 1946 magnificentia,
494 1881 565 1929 sed
589 1882 821 1947 disciplina
853 1885 1155 1952 institutisque
1176 1908 1406 1940 memora-

108 1952 279 2004 bilem:
312 1956 429 2003 unde
455 1973 534 2019 per
555 1958 871 2021 Megalopolim
897 1960 1165 2025 Olympiam
1190 1964 1406 2014 ascendit.

106 2029 205 2077 Ubi
225 2031 272 2077 &
290 2029 373 2075 alia
393 2029 576 2093 quidem
600 2029 829 2092 speclanda
855 2032 975 2090 visa,
994 2036 1069 2092 &‚
1090 2036 1254 2083 Jovem
1276 2040 1406 2086 velut

113 2100 373 2164 praesentem
404 2102 609 2162 intuens,
627 2115 777 2150 motus
802 2103 956 2150 animo
981 2104 1055 2152 est.
1084 2108 1232 2170 Itaque
1248 2145 1259 2167 ,
1284 2109 1406 2157 haud

110 2175 234 2222 secus
250 2190 381 2237 quam
402 2174 434 2220 fi
455 2175 500 2220 in
520 2174 752 2237 Capitolio
782 2176 1094 2225 immolaturus
1115 2181 1247 2239 esset,
1268 2182 1404 2230 sacri-

113 2245 269 2293 ficium
301 2246 489 2309 amplius
523 2247 657 2294 solito
684 2250 891 2311 apparari
920 2249 1049 2310 juffit.
1081 2255 1144 2298 Ita
1175 2271 1404 2317 peragrata

114 2319 317 2377 Graecia,
336 2333 385 2365 ut
410 2319 521 2365 nihil
553 2336 713 2366 eorum
730 2356 742 2378 ‚
764 2339 864 2384 quae
892 2322 1078 2384 quisqtle
1113 2325 1254 2371 Persei
1279 2328 1405 2375 bello

113 2391 325 2454 privatim
350 2404 426 2438 aut
456 2393 632 2454 publice
656 2392 872 2450 sensisset,
894 2394 1172 2456 inquireret,
1195 2414 1250 2443 ne
1276 2398 1404 2457 cujus

113 2478 235 2512 metu
256 2464 530 2524 *sollicitaret
561 2465 737 2514 animos
774 2466 1032 2528 sociorum,
1063 2469 1401 2520 Demetriadem

109 2523 113 2530 ’
176 2539 227 2588 Τ.
254 2539 373 2587 Livii
405 2543 505 2587 Vol,
538 2542 644 2589 νη.
1085 2546 1132 2589 o
