1673 3052
287 191 385 248 ιη
657 170 1323 243 ΤιτιιινιῐΨ

285 292 423 354 dejici
442 293 572 342 Pellae
586 331 601 354 ‚
629 295 960 345 Thessalonicae
989 300 1166 355 navalia
1185 298 1362 361 jusserat
1382 293 1581 350 iacendi,

288 368 579 416 Andronicus
597 405 612 428 ,
642 369 1001 419 Thessalonicam
1031 373 1181 420 miffus
1199 409 1212 431 ‚
1233 385 1431 420 traxerat
1460 386 1580 422 tem«

286 455 396 501 pus,
418 438 464 485 id
483 439 626 502 ipsum
649 443 776 504 quod
798 443 985 501 accidit,
1011 445 1295 507 poenitentiae
1316 446 1583 511 relinquens

286 512 459 560 locum,
500 513 728 563 incautior
761 517 915 564 Nicias
954 519 1087 565 Pellae
1119 518 1408 581 projiciendo
1439 531 1580 582 pecu-3

285 585 373 632 niae
394 599 562 649 partem
579 624 593 647 ‚
615 590 743 653 quod
763 590 906 637 fuerat
926 593 1102 639 nasius:
1136 591 1270 639 sedin
1290 610 1384 639 rem
1416 609 1575 639 emen-

282 659 479 707 dabilem
498 662 616 709 visus
638 663 782 726 lapsus
800 664 883 711 effe
896 702 910 721 ,
928 665 1054 728 quod
1071 682 1151 728 per
1166 666 1416 713 urinatores
1436 680 1581 712 omne

281 733 424 781 ferme
457 736 705 783 extrastum
740 737 816 784 est.
853 738 1089 802 tantusque
1112 738 1262 801 pudor
1296 738 1391 802 regi
1426 755 1574 801 pavo-

281 807 345 854 ris
375 806 471 870 ejus
504 807 618 868 fuit,
648 822 700 857 ut
731 811 984 858 urinatores
1006 812 1118 859 clam
1153 810 1344 858 interfici
1373 811 1574 873 jusserim

282 880 446 928 deinde
484 883 800 930 Andronicum
835 901 1019 947 quoque
1055 887 1106 933 ὃς
1143 885 1335 945 Nician,
1380 902 1436 932 ne
1472 886 1574 949 quis

281 966 373 1003 tam
399 954 616 1003 dementis
633 955 810 1020 imperii
831 957 1038 1005 conscius
1057 958 1296 1005 exsisteret.
1324 950 1449 1005 vInter
1475 957 1576 1004 haec

280 1032 338 1079 C.
356 1031 552 1079 Marcius
567 1067 582 1090 ,
607 1048 709 1079 cum
738 1030 864 1078 classe
888 1029 945 1076 ab
972 1029 1192 1076 Heracleo
1211 1028 1576 1076 Thessalonicam

281 1103 535 1166 profefius,
572 1106 621 1152 δι
652 1120 806 1167 agrum
841 1101 1044 1165 pluribus
1075 1102 1189 1148 locis
1209 1136 1223 1160 ,
1255 1100 1468 1165 expositis
1492 1114 1576 1163 per

279 1178 415 1225 litora
433 1178 611 1226 armatis
626 1213 640 1236 ‚
673 1178 760 1224 late
782 1175 1001 1233 vastavit,
1020 1178 1069 1223 δε
1087 1186 1402 1238 procurrentes
1414 1166 1476 1220 ab
1493 1190 1572 1219 ur-

278 1251 336 1299 be
355 1288 369 1309 ‚
390 1251 593 1299 secundis
618 1250 793 1315 aliquot
813 1249 1013 1313 proeliis,
1032 1249 1232 1311 trepidos
1260 1249 1378 1295 intra
1395 1246 1572 1294 moenia

276 1325 516 1387 compulit.
560 1325 741 1388 jamque
777 1323 855 1387 ipsi
888 1322 988 1369 urbi
1021 1321 1231 1369 terribilis
1267 1332 1394 1380 erat,
1429 1337 1569 1375 cum,

280 1396 503 1460 dispositis
526 1396 676 1443 omnis
705 1394 878 1459 generis
911 1394 1173 1453 tormentis,
1198 1409 1294 1452 non
1324 1393 1429 1458 vagi
1461 1409 1570 1439 mo·-

276 1473 340 1518 do
359 1472 479 1519 circa
499 1487 677 1529 muros,
699 1481 867 1517 temere
885 1469 1322 1534 appropinquantes,
1342 1467 1416 1514 sed
1433 1467 1571 1514 etiam

275 1545 355 1608 qui
383 1546 430 1591 in
461 1544 652 1594 navibus
675 1556 828 1601 erant,
862 1543 976 1590 saxis
1006 1556 1241 1590 tormento
1263 1541 1562 1590 emicantibus

276 1617 656 1682 percutiebantur.
676 1616 926 1664 Revocatis
948 1617 1083 1680 igitur
1102 1617 1145 1663 in
1168 1632 1308 1663 naves
1325 1615 1570 1674 militibus,

275 1690 521 1754 omissaque
545 1691 872 1739 Thessalonicae
903 1689 1274 1752 oppugnatione,
1300 1687 1475 1736 AEniam
1497 1687 1568 1734 in-

275 1767 331 1812 de
353 1778 525 1828 petunt.
568 1765 830 1829 quindecim
850 1764 987 1811 millia
1012 1764 1212 1827 paffuum
1235 1781 1286 1812 ea
1302 1764 1409 1811 urbs
1425 1763 1569 1820 abest,

275 1837 486 1885 adversus
525 1840 728 1902 Pydnam
762 1837 907 1901 polita*
926 1873 939 1894 ‚
972 1836 1108 1883 fertili
1138 1851 1263 1900 agro.
1303 1834 1572 1883 Pervastatis

275 1909 438 1958 finibus
473 1910 598 1971 ejus,
638 1912 834 1974 legentes
871 1926 1028 1967 oram,
1063 1908 1366 1972 Antigoneam
1403 1922 1568 1970 pervee·

276 1985 420 2032 niunt.
458 1985 549 2044 ibi,
585 1986 737 2050 egreffi
770 1986 815 2032 in
848 1998 1039 2041 terram,
1070 1983 1220 2046 primo
1258 1984 1308 2030 &
1334 1980 1567 2029 vastarunt:

275 2076 409 2124 agros
430 2060 579 2123 paffim
593 2093 608 2117 ,
641 2064 689 2108 &
710 2061 987 2124 aliquantum
1009 2059 1171 2121 praedae
1200 2055 1492 2104 contulerunt
1509 2053 1566 2100 ad

275 2149 427 2180 naves.
467 2133 569 2179 dein
605 2133 778 2196 palatos
812 2149 890 2179 eos
924 2133 1071 2179 adorti
1103 2130 1402 2186 Macedones,
1433 2125 1564 2173 mixti

273 2205 445 2269 pedites
477 2205 759 2268 equitesque,
793 2204 1012 2269 fugientes
1039 2202 1171 2251 effuse
1200 2203 1254 2249 ad
1282 2218 1400 2247 mare
1421 2198 1565 2263 perse·

274 2277 397 2334 cuti,
420 2277 695 2347 quingento]
714 2277 851 2324 ferme
881 2277 1177 2332 occiderunt,
1211 2276 1261 2320 &
1294 2289 1389 2319 non
1416 2271 1568 2317 minus
1632 2327 1635 2330 .

275 2363 507 2412 ceperunt-
541 2351 638 2398 Nec
660 2349 780 2397 aliud
798 2385 810 2406 ,
839 2368 974 2413 quam
996 2349 1153 2395 ultima
1177 2346 1399 2394 necessitas
1418 2380 1432 2402 ‚
1460 2359 1565 2390 cum

274 2419 472 2480 recipere
505 2419 545 2466 se
578 2433 680 2467 tuto
711 2421 766 2467 ad
797 2436 934 2466 naves
970 2418 1352 2482 prohiberentur,
1385 2413 1567 2460 animos

274 2491 468 2540 rnilitum
491 2494 833 2556 Romanorum,
852 2493 981 2542 fimul
1015 2490 1322 2556 desperatione
1346 2486 1431 2536 alia
1451 2484 1562 2539 saltz,

1600 2598 1630 2614 1⁴*-
