1673 3052
307 177 368 224 80
667 175 1230 226 TITILIVII

302 282 434 348 regiis
455 282 671 346 praefeffis
698 300 799 330 cum
821 284 1000 332 modica
1019 303 1155 334 manu
1173 285 1387 351 relinquit
1403 288 1459 336 ad
1478 285 1589 335 Phi·

301 356 389 403 lam
404 393 418 413 ‚
437 356 594 417 jussum
614 359 842 421 Magnetas
866 359 915 406 &
941 359 1230 423 propinquos
1249 372 1435 408 tentare.
1465 362 1588 408 Cum

301 429 468 475 Pellam
500 428 715 488 venisset,
739 429 941 500 exercitu
973 431 1019 477 in
1048 431 1235 480 hiberna
1263 433 1440 480 dimiss'o
1456 465 1472 490 -,
1498 433 1589 497 ipse

302 520 404 550 cum
432 503 590 566 Cotye
619 503 980 551 Thessalonicam
1013 505 1076 551 est
1107 506 1347 570 profectus.
1378 510 1447 554 Eo
1475 507 1590 555 fama

301 574 484 621 affertur
499 611 512 633 ,
536 575 753 622 Atlesbim
772 576 971 640 regulum
993 578 1245 637 Thracum,
1261 581 1314 627 &
1330 580 1588 644 Corragum

301 648 514 694 Eumenis
541 647 797 710 praefectum
814 683 827 705 ‚
855 649 902 694 in
930 650 1099 713 Cotyis
1132 648 1242 698 fines
1272 650 1489 715 impetum
1520 651 1590 699 fe·-

301 719 428 768 ciffe:
450 722 499 768 ὅ(
522 721 776 784 regionem,
807 723 1025 768 Marenen
1042 739 1176 786 quam
1197 736 1394 783 vocant,
1413 725 1590 789 cepiffe.

302 796 456 858 Itaque
467 830 480 853 ,
495 792 810 840 dimittendum
824 793 987 858 Cotyn
1002 794 1055 839 ad
1071 793 1144 842 sua
1158 796 1320 842 tuenda
1334 803 1453 844 ratus
1463 830 1478 853 ‚
1490 815 1590 846 ma·-

302 867 402 931 gnis
430 864 790 929 proficiscentem
820 866 952 914 donis
973 868 1276 932 prosequitur.
1305 871 1495 919 ducenta
1523 883 1592 919 ta·

301 941 446 997 lenta,
463 937 665 986 semestre
686 938 981 1001 stipendium,
995 940 1216 1004 equitatui
1238 955 1468 1001 numerat,
1485 942 1590 992 cum

300 1013 452 1077 primo
472 1029 672 1059 annuum
693 1012 793 1058 dare
814 1012 1124 1060 constituisset.
1140 1014 1336 1074 Consul,
1352 1016 1590 1080 postquam

301 1083 554 1148 profectum
579 1083 732 1131 Persea
762 1085 961 1142 audivit,
987 1086 1042 1132 ad
1070 1088 1290 1134 Gonnum
1313 1088 1451 1135 castra
1483 1106 1589 1136 mo·-

302 1169 409 1213 vet,
438 1156 469 1202 si
494 1157 634 1220 potiri
670 1157 845 1219 oppido
878 1157 1032 1219 posset.
1066 1160 1182 1205 Ante
1216 1158 1308 1221 ipsa
1338 1160 1510 1223 Tempe
1540 1161 1590 1209 in

301 1228 503 1276 faucibus
530 1228 660 1275 situm
677 1264 691 1285 ,
712 1228 994 1276 Macedoniae
1022 1229 1208 1276 claustra
1236 1229 1440 1277 tutiffima
1469 1247 1590 1294 prae-

301 1302 399 1359 bet,
416 1303 464 1349 &
482 1301 529 1348 in
545 1300 815 1349 Thessaliam
836 1314 1147 1365 opportunum
1169 1303 1493 1350 Macedonibus
1507 1303 1589 1350 de-

299 1376 492 1425 cursum.
524 1378 646 1423 Cum
679 1377 728 1423 &
759 1375 865 1423 loco
901 1378 950 1424 &
972 1375 1178 1439 praefidio
1209 1377 1365 1424 valido
1397 1377 1591 1440 inexpu-

303 1449 494 1516 gnabilis
522 1467 589 1498 res
621 1449 751 1508 esset,
781 1449 945 1496 abstitit
978 1449 1176 1512 incepto.
1206 1452 1255 1497 ln
1289 1450 1590 1498 Perrhaebiam

302 1525 434 1573 flexis
466 1524 727 1579 itineribus,
762 1522 947 1570 Malloea
981 1523 1129 1586 primo
1165 1524 1335 1585 impetu
1371 1535 1499 1587 capta
1535 1539 1589 1571 ac

301 1599 475 1662 direpta
489 1635 503 1657 ‚
524 1596 707 1660 Tripoli
737 1596 910 1659 aliaque
932 1595 1189 1642 Perrhaebia
1218 1608 1423 1659 recepta,
1444 1595 1589 1643 Laris-

304 1672 390 1718 sam
421 1671 564 1718 rediit.
597 1670 701 1716 inde
730 1672 927 1714 Eumene
959 1680 1090 1731 atque
1116 1668 1268 1715 Attalo
1296 1669 1484 1715 domum
1515 1685 1589 1716 re-

303 1745 438 1791 missis
450 1780 463 1802 ,
480 1742 751 1806 Misagenem
774 1740 1078 1804 Numidasque
1096 1741 1143 1788 in
1160 1741 1348 1788 hiberna
1366 1741 1413 1788 in
1432 1742 1590 1804 proxi·

303 1818 387 1866 mis
402 1816 618 1867 Theffalis
639 1815 823 1861 urbibus
845 1813 1079 1862 distribuit.
1108 1817 1157 1862 ὅ(
1177 1827 1349 1878 partem
1367 1815 1590 1866 exercitus

303 1894 366 1940 ita
385 1909 464 1955 per
481 1903 624 1938 totam
642 1888 908 1938 Thessaliam
930 1889 1101 1946 divisit,
1122 1901 1169 1935 ut
1191 1891 1239 1937 δι
1257 1889 1443 1936 hiberna
1463 1906 1592 1936 com·

305 1966 441 2013 moda
470 1981 627 2012 omnes
648 1965 888 2020 haberent,
915 1964 963 2010 &
985 1964 1191 2025 praesidio
1220 1964 1406 2010 urbibus
1438 1963 1591 2012 effent.

306 2040 368 2099 Q.
387 2039 586 2086 Mucium
616 2038 808 2100 legatum
835 2053 937 2082 cum
963 2037 1140 2083 duobus
1167 2036 1363 2084 millibus
1391 2037 1445 2084 ad
1465 2037 1590 2084 obti-

238 2154 242 2159 ,
306 2110 498 2157 nendam
520 2108 802 2156 Ambraciam
828 2107 956 2154 misit.
977 2108 1238 2154 Graecarum
1258 2108 1493 2155 civitatum
1516 2107 1590 2154 so-

305 2183 404 2230 cios
433 2199 590 2229 omnes
615 2193 775 2244 praeter
802 2180 993 2227 Achaeos
1025 2179 1199 2226 dimisit.
1235 2197 1337 2227 cum
1367 2179 1590 2226 exercitus

306 2270 429 2319 parte
449 2254 673 2318 profectus
693 2255 739 2300 in
761 2251 972 2311 Achaiam
996 2252 1244 2298 Phthiotim
1258 2289 1271 2307 ‚
1288 2252 1488 2298 Pteleum
1509 2252 1588 2298 de-

305 2329 466 2375 sertum
502 2327 604 2390 fuga
646 2325 982 2389 oppidanorum
1028 2324 1163 2370 diruit
1199 2341 1222 2370 a
1257 2323 1588 2382 fundamentis,

309 2406 514 2450 Antrona
544 2401 782 2448 voluntate
811 2400 1062 2447 colentium
1082 2399 1263 2462 recepit.
1290 2399 1358 2445 Ad
1381 2398 1589 2445 Larissam

308 2476 470 2523 deinde
502 2474 750 2523 exercitum
778 2474 999 2523 admovit.
1052 2473 1157 2522 urbs
1190 2471 1357 2521 deserta
1391 2483 1512 2527 erat3
1539 2470 1588 2516 in
