1673 3052
273 197 822 246 HISTORIARUM
856 197 981 244 LIB.
1016 195 1176 243 XLIV.
1275 214 1363 260 147

76 311 178 349 rent
205 300 457 351 Tenedum.
490 301 633 347 Nono
656 300 755 363 post
782 300 853 346 die
882 301 937 347 ad
964 301 1136 348 claffem
1153 337 1167 361 ‚
1190 300 1279 366 jam
1307 304 1366 350 ad

78 374 259 438 Sigeum
287 372 497 431 stantem,
516 373 759 419 redierunt.
790 374 898 419 Inde
921 375 1092 421 Subota
1111 375 1134 439 (
1146 375 1285 423 insula
1303 376 1366 423 est

77 444 308 509 interjecta
335 446 467 491 Elaeae
494 447 544 492 &
575 444 733 509 Atho)
752 445 990 506 trajici-unt.
1018 449 1152 495 Forte
1169 447 1369 509 postero

79 517 179 576 die,
199 534 332 582 quam
350 520 520 565 Subota
539 518 680 567 claffis
699 519 866 579 tenuit,
885 520 1088 584 quinque
1115 523 1165 568 ὃ(
1182 521 1369 583 triginta

80 607 222 641 naves
239 629 255 650 ,
275 609 395 657 quas‘
411 592 692 657 hippagogos
719 605 894 641 vocant
908 628 920 651 ‚
940 592 995 638 ab
1017 593 1134 639 Elaea
1155 593 1372 656 profectae

82 683 188 714 cum
215 668 442 730 equitibus
460 668 603 716 Gallis
634 667 874 732 equisque,
898 669 1066 715 Phanas
1088 685 1372 731 promonto-

82 739 202 787 rium
227 740 453 788 Chiorum
482 742 722 804 petebant,
739 742 858 789 unde
882 740 1180 788 transmittere
1201 742 1247 788 in
1274 744 1374 791 Ma·

84 814 322 862 cedoniam
351 814 545 878 possent.
575 815 730 861 Attalo
761 815 817 861 ab
837 816 1035 861 Eumene
1064 814 1375 864 mittebantur.

83 888 177 935 Has
205 904 346 934 naves
377 904 456 950 per
478 887 616 933 altum
644 885 749 933 ferri
783 904 884 934 cum
914 904 969 933 ex
994 886 1172 949 specula
1196 887 1375 951 {ignum

87 962 239 1008 datum
271 959 499 1008 Antenori
530 960 662 1019 estet,
694 959 921 1022 profectus
957 977 982 1005 a
1014 959 1217 1016 Subotis,
1255 961 1375 1007 inter

87 1033 384 1097 Erythrarum
410 1031 783 1115 promontorium
809 1032 1096 1095 Chiumque,
1120 1051 1208 1098 qua
1229 1034 1377 1080 arctis-

87 1107 248 1155 fimum
261 1106 435 1154 fretum
450 1106 542 1165 est,
561 1106 616 1154 iis
641 1106 855 1154 occurrit.
881 1106 940 1152 ΝΞ
947 1108 1010 1152 hil
1027 1108 1175 1156 minus
1196 1110 1380 1157 credere

89 1179 289 1256 praefeffi
327 1142 567 1238 Eumenis:
604 1196 738 1243 quam
780 1179 1084 1226 Macedonum
1120 1180 1294 1227 classem
1330 1182 1379 1227 in

89 1240 174 1301 illo
203 1253 358 1317 vagari
387 1252 527 1299 mari.
550 1269 670 1299 nunc
701 1252 938 1298 Romanos
969 1253 1080 1310 effe,
1103 1270 1224 1300 nunc
1250 1258 1382 1301 Atta-

92 1326 212 1384 lum,
229 1338 303 1371 aut
327 1324 529 1372 remissos
558 1323 733 1388 aliquos
753 1324 809 1370 ab
834 1324 990 1372 Attalo
1021 1341 1076 1372 ex
1099 1325 1250 1373 castris
1279 1327 1381 1373 Ro-

93 1361 237 1447 manis
267 1401 528 1463 Pergamum
559 1410 723 1460 petere.
749 1398 837 1444 Sed
872 1414 974 1445 cum
1006 1398 1095 1459 jam
1129 1401 1385 1463 appropin-

94 1473 332 1537 quantium
367 1471 515 1519 forma
552 1473 807 1519 lemborum
841 1472 963 1518 haud
999 1473 1135 1519 dubia
1171 1474 1302 1532 effer,
1332 1476 1390 1523 ὅζ

95 1547 345 1597 concitatio
372 1558 601 1594 remorum
618 1582 632 1605 ‚
650 1545 915 1609 directaeque
941 1546 987 1591 in
1017 1546 1060 1593 se
1090 1563 1264 1610 prorae,
1293 1547 1385 1595 ho-

96 1620 180 1668 stes
200 1621 563 1684 appropinquare
591 1619 889 1683 aperuiffent3
917 1633 1025 1667 tunc
1056 1620 1213 1681 injecta
1240 1622 1388 1684 trep'i-

99 1692 234 1740 datio·
249 1693 337 1752 est,
356 1706 459 1741 cum
491 1691 716 1739 resistendi
749 1691 845 1754 spes
871 1692 995 1738 nulla
1017 1694 1122 1740 effer
1137 1731 1147 1751 2
1169 1695 1391 1749 inhabili?

99 1784 189 1832 que
221 1766 629 1832 naviumugenere,
659 1766 870 1814 &Gallis
898 1766 981 1812 vix
1013 1767 1206 1830 quietem
1238 1769 1389 1815 feren-

100 1842 223 1889 tibus
254 1841 302 1887 in
329 1841 456 1888 'mariz
491 1842 594 1887 Pars
628 1856 814 1897 eorum,
844 1840 922 1908 qui
961 1841 1200 1903 propiores
1234 1844 1389 1889 conti-

100 1916 230 1964 nenti
249 1915 542 1974 litorierant,
564 1916 610 1962 in
631 1917 911 1980 Erythraeam
929 1930 1143 1962 enarum:
1165 1934 1285 1978 pars,
1309 1932 1389 1961 ve-

102 1991 157 2038 lis
175 1990 313 2050 datis,
334 1990 390 2037 ad
408 1991 572 2038 Chium
594 1989 947 2050 naves'ejecere‚
970 1990 1218 2053 reliCtisque
1240 1990 1391 2053 equis,

104 2062 242 2111 effusa
280 2062 386 2127 fuga
422 2063 581 2110 urbem
615 2062 841 2125 petebant.
878 2061 989 2119 Sed,
1013 2063 1199 2124 propius
1233 2064 1391 2109 urb-em

107 2136 243 2185 lembi
262 2135 520 2199 access'uque
538 2134 857 2182 commodiore
878 2151 979 2181 cum
999 2133 1299 2196 expoiuiss‘ent
1319 2152 1393 2180 ar-

108 2207 461 2271 matos‚=partim
498 2208 545 2254 in
565 2208 640 2255 via
665 2207 887 2271 fugientes
915 2208 1075 2254 Gallos
1111 2209 1257 2270 adepti
1293 2211 1397 2254 Ma-

109 2282 305 2330 cedones
335 2281 620 2338 ceciderunt,
640 2281 802 2343 partim
830 2295 933 2328 ante
964 2294 1137 2341 portam
1170 2281 1397 2328 exclusos.

111 2353 359 2402 clauserant
402 2355 523 2400 enim
561 2353 670 2400 Chii
708 2364 914 2416 portam,
948 2354 1114 2416 ignariff
1148 2354 1227 2415 qui
1267 2353 1399 2415 {iigm-

102 2429 240 2483 Ϋεηῑ,
261 2438 334 2472 aut
358 2425 661 2488 sequerentur.
695 2426 1009 2488 octingenti
992 2443 1071 2470 ωτι
1075 2443 1130 2470 ne
1158 2426 1398 2472 Gallorum

112 2499 278 2562 occist,
300 2498 482 2548 ducenti
504 2497 605 2547 vivi
627 2498 778 2564 capti:
796 2498 903 2562 equi
919 2534 933 2558 9
953 2515 1052 2560 pars
1080 2498 1124 2543 in
1147 2516 1205 2544 m
1196 2499 1284 2559 iri,
1307 2497 1398 2545 fra-

1038 2571 1082 2617 lx
1122 2588 1145 2617 2
