1673 3052
220 187 307 234 IN
359 187 1181 239 LOC.LIB.XLV1L1V.
1292 205 1385 255 239

89 294 142 334 ris
168 294 324 348 imperiis
345 294 560 334 voluntatem
590 293 779 346 exposuit.
811 296 952 335 deinde
979 298 1020 335 de
1035 298 1203 352 chietate
1227 298 1392 353 ineunda*

92 356 214 397 multa
238 358 354 398 verba
375 357 491 405 fecit,
506 358 611 397 vario
638 358 813 398 sermone
831 359 919 399 usus
944 361 994 399 ad
1013 361 1292 412 expugnandos
1314 362 1387 400 ira-

90 426 221 458 torum
251 419 412 459 animos.
441 419 491 458 At
515 419 643 458 Patres
673 420 721 459 ad
752 430 971 460 extremum
997 422 1178 462 amicitiae
1207 432 1388 462 neutram

89 477 133 519 in
154 490 304 531 partem
323 480 425 522 faeta
439 481 662 530 mentione,
683 481 986 532 responderunt:
1011 491 1056 522 ut
1069 485 1226 537 fiwcietas
1241 487 1280 524 in
1296 500 1386 538 prae-

83 542 205 595 sentia
228 542 384 580 Rhodiis
405 542 572 587 daretur,
587 556 631 580 ex
650 543 824 595 dignitate
844 543 969 596 populi
989 545 1143 582 Romani
1162 559 1231 584 non
1254 547 1380 585 videri.

146 602 190 642 V.
203 602 333 643 Ludos
349 603 492 642 interea
507 603 746 654 Megalenses
765 605 822 646 M.
838 604 995 646 Fulvius
1007 637 1018 655 ,
1034 606 1108 646 Μ’.
1124 607 1270 647 Acilius
1296 607 1391 648 Gla-⁷

88 662 174 714 brit>
200 664 330 704 aediles
361 664 512 704 curules
534 664 749 706 ediderunt.
792 665 1049 716 Consulibus,
1085 668 1193 708 nullo
1222 669 1386 721 usquam

89 727 239 776 majore
264 726 393 775 bello,
419 726 582 781 Inalpini
607 727 706 768 Galli
728 730 764 769 δε
786 729 944 781 Ligures
964 732 1169 782 provinciae
1192 732 1311 774 fuere.
1334 747 1383 773 ex

89 796 252 838 utraque
281 796 395 839 gente
423 787 709 840 triumphatum
736 804 745 829 :
779 802 869 830 cum
902 791 958 832 Cl.
987 792 1197 833 Marcellus
1227 795 1383 844 Gallos,

90 849 134 889 C.
157 849 349 900 Sulpicius
373 850 529 900 Ligures
547 849 760 905 subegisset.
793 852 1068 893 consularibus
1092 854 1232 894 deinde
1261 858 1382 895 comi*

88 911 151 951 tiis
175 921 282 952 tanta
302 913 598 952 candidatorum
621 913 782 953 ambitio
804 915 904 964 fuit,
928 926 972 954 ut
1008 926 1224 961 convocato
1252 917 1289 960 in
1315 918 1385 957 Cu.

88 970 274 1021 pitolium
308 970 440 1012 senatu
465 986 563 1023 opus
590 973 694 1014 effet.
725 974 781 1014 Eo
811 972 849 1014 se
875 975 1014 1016 milvus
1043 977 1123 1017 avis
1148 977 1301 1027 intulit,
1325 993 1384 1018 ra-

88 1041 275 1083 ptamque
310 1033 359 1072 de
394 1033 491 1073 cella
523 1035 629 1083 Jovis
662 1035 863 1076 mustelam
899 1037 937 1076 in
964 1039 1138 1078 medium
1168 1041 1383 1081 consessum

89 1094 202 1136 mifit.
237 1095 284 1135 Id
312 1097 534 1148 prodigium
567 1096 685 1138 solitis
718 1097 936 1146 sacrificiis,
966 1102 1000 1139 ἃ
1032 1100 1254 1141 lustratione
1277 1102 1384 1141 urbis
1419 1106 1422 1109 '

89 1169 338 1211 procuratum
365 1159 429 1202 est.
463 1160 573 1202 Plura
596 1175 689 1201 mox
712 1161 872 1213 sequens
899 1177 1020 1203 annus
1048 1164 1178 1204 attulit
1192 1197 1204 1215 ‚
1221 1179 1314 1205 cum
1334 1166 1382 1205 T.

93 1221 267 1262 Manlius
292 1224 335 1262 A.
358 1222 400 1277 F.
428 1223 474 1263 T.
498 1224 547 1264 N.
573 1224 791 1274 Torquatus
807 1253 817 1272 ,
846 1223 914 1263 Cn.
943 1225 1126 1265 Octavius
1154 1226 1222 1265 Cn.
1252 1225 1292 1266 F.
1313 1227 1386 1266 Cn.

93 1282 146 1324 N.
168 1284 410 1325 consulatum
434 1287 636 1327 iniviffent.
668 1289 770 1328 Nam
792 1290 827 1327 ἃ
845 1287 1059 1338 pestilentia
1080 1288 1129 1328 slC
1148 1289 1188 1327 in
1206 1289 1310 1328 'Urbe
1332 1288 1386 1328 la-

89 1345 270 1386 boratum
291 1347 344 1387 est
358 1379 369 1397 ,
393 1358 438 1388 ut
462 1361 509 1388 ex
535 1349 734 1401 Sibyllinis
754 1349 859 1388 libris
884 1350 1052 1401 populus
1067 1382 1078 1400 ,
1108 1353 1257 1390 circum
1278 1365 1385 1390 com<

89 1409 171 1459 pita
186 1411 220 1448 St
246 1409 383 1450 sacella
405 1420 607 1462 operatus,
625 1411 777 1450 sederit.
814 1413 849 1450 ἃ
872 1411 912 1450 in
935 1413 1017 1451 aede
1042 1413 1243 1452 Penatium
1262 1418 1384 1452 noctu

87 1468 155 1508 sua
173 1469 308 1520 sponte
323 1471 423 1511 fores
443 1480 673 1522 patuerunt:
698 1472 782 1523 lupi
797 1485 948 1523 quoque
971 1473 1010 1512 in
1032 1473 1207 1524 Esquiliis
1222 1476 1258 1514 Sc
1281 1474 1382 1514 colle

91 1532 284 1582 Quirinali
300 1535 427 1574 media
447 1534 535 1574 luce
550 1535 745 1586 conspeeu
760 1568 771 1585 ‚
794 1535 1110 1586 persequentibus
1133 1549 1222 1585 eOS,
1245 1538 1308 1587 qui
1327 1538 1382 1576 vi-

90 1595 225 1634 derant
239 1626 250 1644 ,
272 1597 463 1647 fugerunt.
483 1597 590 1638 Urbe
612 1599 752 1637 iterum
773 1597 947 1646 lustrata,
969 1598 1076 1637 domi
1096 1598 1262 1649 forisque
1281 1607 1382 1638 tran-

90 1655 217 1705 quillae
241 1670 298 1696 res
325 1658 494 1698 fuerunt.
531 1659 650 1699 Ludis
682 1659 836 1710 Magnis
863 1659 1043 1710 pugilum
1074 1662 1109 1700 ‹Sr
1134 1660 1384 1700 funambulo-

87 1729 175 1756 -rum
213 1717 428 1769 spectacula
458 1721 498 1759 in
528 1720 681 1760 scenam
709 1722 794 1761 Sex.
816 1721 942 1770 Julius
969 1721 1117 1771 Caesar,
1142 1721 1211 1762 Cn.
1240 1722 1384 1762 Corne-

85 1776 162 1816 ·lius
189 1777 391 1819 Dolabella
416 1779 545 1820 aediles
569 1781 719 1821 curules
746 1783 1011 1821 introduxere.

144 1839 208 1879 VI.
227 1840 302 1879 Hic
323 1855 476 1893 quoque
501 1855 622 1882 annus
640 1843 927 1883 memorabilior
950 1842 1207 1893 legationibus
1224 1874 1236 1892 ,
1264 1856 1382 1894 quam

83 1899 202 1940 rebus
228 1895 329 1942 bello
361 1904 493 1955 gestis,
520 1904 608 1945 fuit.
638 1906 786 1945 Venere
814 1905 1139 1956 Gallograecorum
1166 1905 1205 1944 in
1232 1905 1379 1947 Urbem

89 1961 236 2013 legati,
262 1977 400 2015 magna
425 1965 516 2016 spe,
537 1966 619 2005 fore
647 1974 690 2005 ut
714 1966 908 2018 suspectus
932 1967 1148 2016 Eumenes,
1172 1969 1208 2007 ὃ(
1230 1976 1382 2008 tantum

86 2039 169 2066 non
185 2039 253 2077 pro
272 2024 379 2066 hoste
394 2026 545 2068 habitus
558 2059 569 2077 ‚
584 2030 788 2080 gratiorem
805 2031 908 2081 apud
931 2030 1126 2070 Romanos
1148 2030 1380 2080 petitionem

89 2087 194 2126 suam
223 2087 376 2130 faceret.
416 2089 568 2129 Bellum
594 2091 697 2129 enim
723 2091 920 2130 habebant
945 2103 1034 2130 cum
1063 2091 1259 2139 Eumene,
1285 2104 1380 2142 prce-

89 2159 149 2188 ter
184 2149 296 2189 solita
323 2149 520 2200 hostibus,
552 2152 735 2203 peculiari
766 2155 933 2204 quadam
965 2154 1117 2193 feritate
1146 2154 1270 2204 gentis
1304 2156 1382 2194 exi-

26 2240 31 2247 .
90 2210 245 2260 tiabile,
270 2212 374 2262 quod
399 2225 447 2252 ex
467 2214 631 2264 captivis
652 2222 764 2254 aetate
783 2218 818 2255 ὃς
840 2216 965 2255 forma
982 2218 1220 2267 praecipuum
1244 2229 1381 2266 quem-

89 2286 164 2324 que
187 2274 429 2314 vistimarum
451 2275 491 2314 in
507 2289 654 2316 morem
679 2288 833 2317 ornatos
857 2278 937 2317 Diis
962 2278 1035 2317 suis
1057 2276 1379 2327 immolaverant3

90 2339 218 2376 cetera
240 2338 347 2376 omni
369 2338 501 2387 turba,
522 2352 741 2390 quanquam
764 2340 877 2379 multi
902 2341 994 2380 olim
1016 2342 1101 2380 noti
1123 2340 1311 2389 amicique
1337 2340 1378 2378 in

136 2451 234 2493 §1v.
260 2452 331 2485 Pol.
356 2464 507 2497 excerpt.
529 2454 644 2500 Legat.
674 2466 716 2498 99
739 2456 773 2488 &
799 2468 874 2489 100.
912 2458 932 2490 ’ἔ
950 2458 993 2489 V.
1014 2457 1084 2489 Tit.
1123 2458 1209 2490 And.
1241 2457 1381 2491 Terent.

88 2495 157 2535 m.
169 2495 296 2544 Obseq.
313 2497 391 2551 Coi.
403 2500 580 2547 ‘triumph
595 2500 840 2546 Liv.Epit.46.
857 2501 992 2547 Prorog.
1010 2501 1152 2549 Hefyrae
1170 2502 1310 2540 Terent.
