1673 3052
5 2564 29 2586 a·

253 209 360 261 VIN
405 209 1194 257 LOC.LIB.XLV1L1V.
1316 222 1403 276 245

119 329 249 358 rerum
277 317 430 357 istarum
461 317 639 356 omnium
664 316 774 357 causa
797 317 947 364 fuerat,
972 316 1134 357 dubium
1161 331 1208 358 an
1233 316 1411 357 volunta-

122 381 198 421 rius
221 380 365 427 exitus,
384 379 613 420 calamitatis
636 381 796 432 vitaeque
820 381 937 420 finem
959 380 1101 420 attulit.
1131 380 1215 421 Post
1233 379 1272 420 L.
1291 380 1413 420 AEmi-

120 441 163 482 lii
199 436 439 493 triumphum
481 443 522 480 in
556 454 746 481 carcerem
781 440 973 481 Albanum
1006 441 1212 487 conditus,
1247 442 1283 479 ὃς
1318 439 1411 479 inde

119 503 261 544 eodem
293 502 336 543 L.
369 501 553 550 AEmilio,
573 502 800 553 senatusque
830 502 1007 553 principe
1036 502 1091 542 M.
1120 501 1273 552 Lepido
1303 501 1412 550 adju-

123 570 238 602 vante
262 572 437 603 exemtus
453 594 463 613 ,
489 564 529 602 in
554 563 674 603 libera
705 563 875 602 custodia
899 563 1101 602 biennium
1126 563 1299 603 extraxit.
1325 571 1412 602 tum

122 635 214 662 vero
239 622 409 663 miserias
435 632 578 672 certas,
605 623 712 674 spem
736 623 924 663 incertam
950 633 1131 674 reputans
1149 653 1160 671 ,
1187 623 1315 661 inedia
1343 621 1413 660 fibi

124 683 312 724 conscivit
336 697 489 724 necem.
528 684 689 735 quidam
718 698 739 724 a
767 684 1014 732 custodibus,
1042 697 1136 734 quos
1167 684 1264 723 forte
1290 681 1414 722 offen·

123 748 254 798 derat,
291 747 426 789 somno
467 747 707 800 prohibitum
742 748 940 800 exspirasse
970 748 1225 787 tradiderunt.
1259 746 1415 787 Defun-

123 812 230 849 <rum
258 811 419 861 publico
442 811 580 850 funere
600 812 639 850 in
665 810 854 850 honorem
882 810 1044 862 pristinae
1072 810 1234 849 fortunae
1259 809 1413 848 senatus

123 871 247 910 efferri
271 872 399 922 justit,
421 871 530 911 miffo
567 871 616 912 ad
649 872 726 911 hoc
759 872 940 923 quaestore
969 871 1128 919 Albam,
1158 871 1222 910 ubi
1249 869 1414 910 d-eceffe-

124 942 193 973 rat.
229 934 312 973 Nec
332 934 597 973 omittendum
631 934 684 973 est
715 935 760 973 in
785 933 873 974 casu
907 935 1008 973 tanti·
1032 934 1151 972 modo
1179 934 1278 983 regis
1306 931 1414 972 alind

124 994 288 1034 sortunae
304 994 538 1043 ludibrium,
554 997 673 1035 etiam
687 996 791 1047 ipsa,
807 1007 849 1035 ut
871 996 967 1035 mihi
991 996 1164 1043 videtur,
1186 995 1413 1046 captivitate

126 1070 171 1096 ac
195 1068 320 1098 morte
346 1058 608 1099 miserabilius.
637 1060 856 1100 Alexander
878 1059 980 1098 solus
1003 1059 1211 1099 liberorum
1234 1058 1329 1109 patri
1355 1057 1414 1097 su-

127 1121 268 1170 perstes
294 1120 450 1161 fabriles
479 1131 579 1161 artes
612 1122 776 1172 didicit,
807 1121 946 1173 quibus
971 1121 1007 1161 se
1035 1121 1242 1161 toleraret:
1273 1121 1414 1160 deinde

124 1183 308 1234 scriptum
335 1184 458 1235 fecit,
484 1198 720 1236 operamque
744 1198 831 1226 eam
860 1186 1139 1237 magistratibus
1160 1185 1318 1225 Albanis
1351 1183 1416 1224 lo·-

125 1247 238 1286 cavit.
274 1247 362 1287 Hoc
391 1260 492 1287 anno
515 1248 648 1288 Romae
674 1242 806 1288 census
832 1251 937 1289 actus
958 1249 1036 1298 est,
1059 1248 1294 1298 lustrumque
1321 1260 1415 1287 con·

125 1309 265 1348 ditum.
292 1309 334 1350 L.
361 1310 534 1350 IEmilius
557 1310 746 1360 Paullus,
764 1314 812 1363 Q
844 1312 1010 1352 Marcius
1042 1311 1245 1362 Philippus
1270 1311 1414 1350 condi-

127 1371 228 1411 dere.
272 1372 383 1412 censa
423 1372 510 1411 sunt
543 1374 686 1412 civium
717 1374 844 1424 capita
874 1382 1044 1421 trecen-ta
1081 1374 1236 1425 triginta
1265 1372 1415 1423 septem

126 1431 248 1473 millia
265 1463 277 1481 ,
306 1433 587 1486 quadringenta
610 1436 890 1486 quinquaginta
912 1435 1002 1475 duo.

181 1494 307 1535 XVII.
339 1496 451 1536 Mitis
479 1509 522 1536 ea
548 1496 704 1537 censura
732 1497 833 1544 fuit,
859 1496 1104 1548 moribusque
1126 1500 1162 1538 &
1190 1496 1417 1537 mansuetus

131 1556 211 1596 dini
232 1556 352 1597 Paul-li
377 1559 618 1598 conveniens.
650 1567 725 1598 tres
748 1567 901 1599 tantum
925 1559 1055 1598 senatu
1078 1561 1174 1598 moti
1194 1574 1202 1599 z
1230 1573 1345 1598 nemo
1367 1572 1417 1598 et<

126 1618 347 1669 insignibus.
376 1620 513 1659 eadem
535 1621 576 1659 in
600 1620 794 1671 equitibus
813 1621 998 1661 Romanis
1021 1620 1259 1660 recensendis
1277 1621 1419 1659 mode«-

127 1681 226 1720 ratio
253 1680 339 1719 fuit.
376 1681 593 1732 Principem
617 1681 795 1731 senatus,
819 1695 935 1733 quem
963 1684 1000 1721 Sc
1024 1683 1296 1721 antecedentes
1333 1683 1419 1732 qui-

129 1744 220 1783 dam
244 1743 443 1793 censores,
457 1743 583 1795 legere
599 1745 658 1786 M.
676 1744 876 1787 AEmi'rium
894 1745 1100 1796 Lepidum.
1124 1758 1312 1796 operum,
1334 1757 1418 1794 quae

127 1806 329 1856 locavere,
349 1807 453 1858 quod
483 1808 653 1858 mireris,
679 1809 940 1860 splendidiora
961 1808 1192 1847 nesciuntur.
1230 1821 1420 1848 memorap

129 1876 190 1912 tur
217 1868 502 1919 Horologium,
527 1870 635 1920 quod
668 1871 895 1922 diligentius
926 1871 1146 1911 ordinatum
1175 1872 1224 1922 Q.
1249 1870 1420 1910 Marcius

128 1931 170 1970 in
202 1930 364 1981 publico
396 1930 550 1982 posuit,
583 1941 693 1982 grato
727 1933 768 1971 in
795 1931 986 1983 populum
1022 1933 1245 1972 Romanum
1279 1944 1422 1970 mune-

128 2006 170 2033 re
186 2024 197 2042 ‚
223 1995 311 2044 quia
336 2004 447 2036 vetus
464 2026 475 2044 ‚
501 1996 606 2046 quod
627 1995 773 2036 ibidem
807 1995 1057 2035 centesimum
1087 1996 1208 2035 ferme
1238 2005 1327 2034 ante
1357 2008 1422 2034 an-

130 2068 226 2096 num
259 2057 316 2098 M..
349 2057 523 2097 Valerius
552 2056 728 2098 Meffalla
762 2057 967 2106 statuerat,
994 2058 1044 2098 ad
1078 2057 1191 2096 horas
1224 2057 1420 2096 Romanas

130 2131 266 2169 parum
304 2120 572 2160 conveniebat.
632 2119 845 2160 Publicavit
878 2120 982 2159 idem
1025 2122 1061 2159 &
1110 2119 1334 2160 Concordiae
1372 2119 1424 2158 fi-

131 2193 274 2230 gnum,
298 2182 405 2231 quod
421 2183 603 2234 deinceps
628 2183 670 2222 in
696 2183 801 2221 curia
818 2182 1028 2221 collocavit
1055 2182 1098 2223 C.
1125 2181 1281 2222 Cassius.
1311 2182 1358 2220 At
1380 2182 1420 2221 L.

131 2241 310 2284 AEmilius
332 2244 574 2291 Minervam,
598 2242 742 2284 Phidiae
766 2243 995 2296 praeclarum
1015 2255 1137 2293 opus,
1164 2243 1204 2281 in
1230 2242 1311 2281 aede
1334 2241 1423 2282 For-

133 2310 233 2342 tunae
264 2303 402 2354 posuit.
448 2306 536 2346 Hoc
564 2304 736 2356 primum
766 2317 866 2345 anno
894 2306 934 2344 in
965 2303 1119 2344 Italiam
1145 2302 1285 2343 veniss'e
1313 2314 1425 2346 mor-2

178 2429 200 2471 ,Ε
226 2429 318 2463 XVI.
343 2430 485 2464 Diodor.
512 2431 601 2466 Plut.
629 2431 743 2466 AEmil.
770 2445 798 2466 c.
822 2432 877 2475 63.
903 2432 1005 2465 Diod.
1030 2445 1084 2477 ap.
1106 2432 1219 2465 Vales.
1243 2431 1310 2466 Sal.
1341 2432 1428 2467 Hist.

133 2486 155 2514 4
186 2475 220 2511 in
262 2475 321 2518 Ep.
348 2476 601 2513 Mithrid.Va1.
631 2478 725 2510 Max.
764 2489 805 2518 5,
852 2490 882 2510 1.
910 2477 1036 2513 Zonar.
1066 2477 1257 2512 Marcellin.
1286 2489 1348 2518 14,
1367 2488 1427 2519 40·

138 2518 240 2555 Oxos.
260 2531 301 2562 4,
322 2530 376 2554 20.
404 2520 479 2555 Liv.
505 2521 596 2569 Epir.
614 2522 670 2564 46.
695 2522 778 2558 Fasti
803 2522 953 2566 Capitol.

220 2598 234 2615 s
1055 2576 1225 2640 Q3.
