1673 3052
277 198 829 248 HISTORIARUM
863 196 994 243 LIB.
1029 195 1194 243 XLIV.
1283 195 1368 243 161

82 308 128 369 δ’
145 308 435 374 occaficsfint‚
454 322 565 353 nunc
577 305 702 367 pleno
720 308 834 363 orbe,
848 304 1195 366 nuncfirzescente
1215 305 1368 366 exiguo

81 400 209 428 coma
222 380 383 442 fulgere
409 384 554 426 lunam
583 396 668 424 non
699 379 945 424 mirarentur
951 395 970 431 ,·
1004 378 1066 421 ita
1089 395 1138 422 ne
1161 374 1373 436 obscurari

85 453 250 514 quidem
265 487 281 511 ‚
302 470 393 498 cum
425 454 628 498 condatur
654 451 798 494 umbra
821 464 930 495 terne
944 484 957 506 ,
974 450 1128 518 trahere
1159 452 1205 494 in
1218 451 1375 509 prodi-

83 529 206 588 giam*
234 527 379 571 debere.
399 523 547 570 Noete
561 557 576 581 ‚
596 539 730 586 quam
752 520 893 583 pridie
915 522 1073 567 Nonas
1094 521 1376 583 Septembres

87 595 286 643 insecuta
311 596 373 642 est
402 596 521 651 dies,
544 593 663 640 edita
694 593 807 638 hora
842 593 947 639 luna
983 608 1083 638 cum
1119 592 1380 652 defecisset,

85 666 308 714 Romanis
328 666 546 713 militibus
568 663 692 711 Galli
713 662 925 727 sapientia
949 679 1092 726 prope
1114 664 1270 711 divina
1301 666 1380 712 vi—

86 741 183 788 deri
202 741 505 805 qMacedonas
517 774 533 798 ‚
556 751 606 786 ut
632 738 754 786 triste
772 737 1054 801 prodigium,
1077 738 1284 784 occasum
1307 756 1381 785 re-

88 815 166 880 gni
195 814 531 878 perniciemque
566 813 710 877 gentis
745 812 1049 875 portendens,
1084 813 1266 858 movit:
1295 826 1381 860 nee

89 889 220 936 aliter
240 899 381 935 vates.
409 886 583 933 clamor
601 885 882 948 ululatusque
912 884 960 932 in
989 884 1139 931 castris
1160 885 1382 931 Macedo—

92 979 202 1009 num
229 959 338 1018 fuit,
360 959 507 1005 donec
534 958 641 1007 luna
668 959 714 1004 in
739 958 861 1004 suam
894 957 1038 1004 lucem
1067 957 1256 1004 emersit.
1288 959 1381 1004 Po«

92 1032 211 1080 stero
230 1030 303 1077 die
328 1041 477 1076 tantus
501 1030 680 1092 utrique
700 1030 834 1075 ardor
861 1028 1079 1075 exercitui
1107 1028 1162 1075 ad
1184 1045 1385 1076 concur·-

93 1106 280 1153 rendum
315 1103 485 1161 fuerat,
511 1114 561 1148 ut
589 1104 639 1150 δε
670 1119 818 1165 regem
850 1103 900 1148 &
930 1100 1162 1148 consulem
1199 1102 1384 1150 suorum

94 1179 300 1244 quidam,
325 1178 454 1240 quod
474 1177 564 1224 sine
593 1177 760 1240 proelio
788 1175 1018 1223 discessum
1047 1176 1178 1234 esset,
1204 1177 1384 1225 accusa-

95 1265 209 1301 rent.
242 1252 353 1314 Regi
385 1264 564 1314 promta
598 1251 797 1297 defensio
832 1264 951 1310 erat,
980 1268 1075 1299 non
1114 1268 1170 1296 eo
1207 1251 1386 1310 spirim,

95 1325 225 1389 quod
260 1324 400 1371 hostis
430 1323 583 1386 prior,
614 1336 763 1384 aperte
798 1340 993 1386 pugnam
1033 1325 1308 1381 detrectans,
1337 1326 1388 1371 in

98 1397 238 1445 castra
266 1396 420 1459 copias
453 1395 713 1452 reduxiffet3
749 1395 819 1441 sed
849 1396 1007 1455 etiam,
1034 1398 1160 1460 quod
1193 1414 1249 1443 eo
1277 1397 1388 1444 loco

97 1469 222 1532 signa
258 1468 582 1525 constituisset,
621 1485 717 1531 quo
752 1467 974 1530 phalanx,
1009 1485 1143 1531 quam
1184 1469 1389 1517 inutilem

99 1541 178 1591 vel
213 1540 453 1588 mediocris
488 1539 698 1602 iniquitas
731 1540 825 1586 loci
857 1541 1084 1599 efficeret,
1119 1543 1389 1605 promoveri

102 1628 199 1659 non
225 1612 381 1674 poffet.
399 1611 572 1658 Consul
591 1612 645 1657 ad
668 1612 738 1668 id,
756 1612 881 1674 quod
906 1613 1048 1674 pridie
1070 1615 1392 1675 praetermisisse

104 1683 334 1748 pugnandi
365 1683 651 1730 occasionem
675 1684 942 1739 videbatur,
976 1686 1027 1732 &
1046 1685 1198 1732 'locum
1229 1686 1393 1733 dedisse

105 1757 252 1815 hosti,
280 1757 311 1803 fi
344 1756 619 1816 noete-abire
650 1757 807 1815 vellet,
837 1771 944 1805 tunc
967 1776 1152 1821 quoque
1182 1776 1259 1820 per
1292 1759 1396 1821 spe·-

107 1831 222 1878 ciem
242 1830 507 1877 immolandi
531 1843 671 1876 terere
693 1831 926 1877 videbatur
943 1844 1119 1894 tempus
1137 1866 1149 1889 ‚
1170 1849 1270 1878 cum
1294 1832 1396 1880 luce

108 1902 252 1966 prima
269 1900 440 1964 signum
474 1901 756 1963 propositum
791 1919 954 1965 pugnae
987 1904 1041 1947 ad
1072 1904 1326 1949 exeundum
1347 1904 1396 1949 in

25 1987 43 2029 J
109 1973 252 2021 aciem
283 1971 442 2019 fuisset.
479 1972 635 2019 Tertia
671 1973 850 2019 demum
889 1974 1028 2031 hora,
1067 1974 1284 2022 sacrificio
1314 1976 1398 2021 rite

111 2055 369 2111 perpetrato
385 2079 398 2103 ,
421 2047 476 2092 ad
494 2047 731 2093 consilium
761 2048 981 2103 vocavit3
1002 2062 1135 2110 atque
1161 2049 1246 2106 ibi,
1272 2047 1400 2111 quod

114 2121 179 2170 rei
200 2120 404 2185 gerendae
424 2133 600 2183 tempus
616 2121 745 2179 esset,
765 2122 998 2183 loquendo
1018 2124 1066 2170 ὃ(
1086 2123 1400 2186 intempestive

115 2193 418 2243 consultando
455 2194 693 2241 videbatur
725 2194 986 2258 quibusdam
1021 2197 1267 2242 extrahere.
1300 2195 1401 2258 post

116 2266 341 2314 sermones
361 2278 507 2313 tamen
532 2267 690 2314 consul
711 2267 966 2314 orationem
988 2268 1157 2315 habuit.

180 2340 438 2386 XXXVlll.
471 2342 523 2386 P.
546 2342 728 2404 Nastca‚
752 2344 930 2402 egregius
958 2344 1216 2399 adole-fictu,
1244 2359 1296 2386 cx
1315 2359 1407 2391 om-t,

116 2413 241 2459 nibus
260 2429 367 2456 unus
382 2442 396 2465 ‚
417 2413 565 2471 quibus
583 2414 756 2475 hesterno
776 2416 839 2457 die
855 2417 1042 2474 pugnari
1063 2416 1226 2473 placuit
1239 2448 1251 2468 ‚
1273 2417 1404 2458 denu-

115 2488 237 2532 davit
264 2484 369 2529 mihi
379 2485 509 2544 suum
534 2486 747 2547 consilium
765 2503 781 2531 .·
801 2487 907 2531 idem
921 2486 1061 2551 postea
1079 2521 1094 2545 ,
1124 2489 1184 2531 ita
1202 2502 1247 2531 uc
1266 2501 1406 2535 trans-

181 2558 233 2604 Τ.
263 2553 428 2603 Lim-V
426 2560 481 2603 ol.
511 2559 555 2602 V
553 2560 618 2607 ll.
1117 2560 1155 2606 L
