1673 3052
302 192 396 260 358
463 191 1496 247 JO.FRE1NSHEM118UPPLEM.·

300 300 479 353 ingentes
502 303 653 342 diversis
672 301 768 342 locis
787 315 896 354 agros
920 300 1182 355 conserendo,
1207 306 1272 357 qui
1287 305 1416 345 omnis
1440 306 1587 357 generis

301 363 479 414 frugibus
506 364 792 416 fructibusque,
820 364 924 405 haud
947 367 1091 416 minus,
1116 381 1231 419 quam
1258 364 1335 408 ulla
1361 366 1589 408 feliciffima-

287 436 389 464 ,rum
412 433 496 466 toto
521 425 615 466 orbe
645 427 866 478 regionum,
893 427 1143 469 abundarent.
1180 430 1395 480 Unicuique
1417 428 1588 471 filiorum

296 497 412 536 agros
434 486 625 535 ejusmodi
648 486 840 539 reliquisse
860 486 1028 539 dicitur,
1045 489 1192 530 denum
1221 490 1387 530 millium
1407 491 1586 542 jugerum

296 544 478 598 singulos.

365 609 488 651 XVII.
526 609 656 650 Vitam
683 610 731 650 ad
757 609 840 650 haec
869 611 907 651 δι
931 609 1218 659 valetudinem,
1243 609 1450 650 necessaria
1473 610 1586 650 rebus

295 672 449 722 :magnis
480 671 754 719 instrumenta,
789 671 900 723 supra
936 672 1227 723 nonagesimum
1259 673 1378 712 aetaris
1414 685 1586 721 annum,

295 734 552 784 temperantia
582 736 618 774 δε
649 733 780 774 labore
810 742 1109 785 propagaverat:
1143 747 1192 773 ex
1219 734 1358 784 quibus
1391 733 1586 784 sexaginta

295 797 481 846 regnavit.
504 798 783 848 Argumentum
808 795 914 836 haud
935 794 1154 847 vulgarium
1177 795 1217 835 in
1231 795 1319 835 sene
1331 795 1470 836 virium
1483 796 1585 843 fuit,

293 856 449 910 semper
470 858 585 911 plena
604 859 732 900 liberis
755 860 883 912 regia,
899 871 1063 911 quorum
1077 871 1258 899 numerus
1289 858 1489 910 postquam
1509 858 1585 909 pri-

295 934 409 962 mum
431 920 608 973 superare
624 922 824 962 denarium
848 922 973 973 cepit,
985 935 1182 973 nunquam
1202 922 1331 973 postea
1345 921 1420 961 fuit
1433 921 1583 969 minor;

296 998 390 1025 cum
410 986 451 1025 in
474 985 739 1025 deficientium
762 984 894 1025 locum
917 984 1145 1037 plerumque
1166 984 1294 1036 plures
1316 983 1585 1024 subnasceren-

296 1055 383 1086 tur:
412 1048 451 1087 in
469 1047 608 1098 quibus
629 1055 836 1086 annotatus
862 1046 914 1086 est
935 1045 1092 1086 robusto
1118 1048 1292 1098 corporis
1316 1045 1450 1087 habitu
1466 1058 1599 1096 puer„

297 1109 524 1160 quadrimus
556 1109 792 1156 admodum,
816 1120 907 1150 cum
939 1108 1017 1148 vita
1041 1117 1149 1160 pater
1177 1109 1392 1148 excederet.
1417 1108 1585 1148 Srlzemha

292 1173 333 1211 ei
355 1186 498 1212 nomen
511 1163 607 1220 fuit,
635 1185 748 1223 quem
766 1173 850 1223 post
871 1172 1092 1212 communis
1115 1173 1286 1223 parentis
1304 1171 1459 1213 obitum
1471 1170 1584 1210 Mici-

291 1236 363 1289 psa
383 1238 499 1276 frater
518 1236 726 1288 adoptavit.
749 1237 812 1277 Sic
835 1237 995 1281 tradidit
1022 1235 1229 1288 Polybius3
1263 1235 1328 1275 alii
1352 1237 1585 1285 Methymna-

294 1313 368 1339 tum
388 1299 650 1351 appellarunt:
675 1300 723 1338 de
743 1311 783 1337 re
803 1312 882 1338 non
901 1297 1113 1338 dubitatur.
1130 1298 1266 1338 Praeter
1283 1296 1391 1337 hunc
1407 1295 1508 1340 filios
1528 1308 1587 1334 re-

292 1359 409 1412 liquit
432 1374 478 1400 ex
500 1362 598 1410 justo
622 1360 868 1400 matrimonio
893 1367 1082 1410 quatuor,
1098 1369 1145 1399 ut
1168 1359 1277 1398 idem
1296 1357 1477 1410 Polybius
1491 1356 1583 1396 scri-

293 1424 389 1476 pfit:
417 1424 481 1464 sed
503 1425 620 1464 trium
646 1424 764 1464 modo
786 1423 945 1463 nomina
966 1425 1001 1463 ἃ
1020 1422 1120 1474 gesta
1134 1421 1355 1462 noscuntur.
1374 1422 1443 1462 His
1458 1419 1585 1460 omni-

295 1485 639 1536 bus‚ceterisque‚
654 1499 750 1537 quos
773 1499 819 1524 ex
843 1483 1071 1523 concubinis
1097 1483 1336 1535 susceperat,
1358 1483 1456 1522 adeo
1481 1481 1583 1521 sem-

291 1563 362 1600 per
382 1549 610 1590 venerabilis
635 1551 716 1599 ejus
740 1547 914 1597 majestas
941 1547 1035 1594 fuit,
1057 1554 1101 1585 ut
1124 1546 1262 1586 domus
1289 1544 1354 1584 illa
1377 1542 1484 1583 nullo
1510 1555 1582 1582 un-

292 1624 410 1661 quam
432 1620 561 1659 motu‚
585 1609 716 1661 quales
736 1610 775 1648 in
796 1608 909 1660 regiis
927 1607 1084 1647 familiis
1105 1607 1205 1646 ciere
1223 1608 1409 1656 juvenum
1430 1604 1583 1655 cupidi-

290 1682 371 1720 tas,
397 1681 462 1713 aut
485 1672 645 1723 suspicio
671 1671 805 1710 senum
830 1669 949 1718 solet,
973 1677 1265 1709 concuteretur:
1288 1680 1378 1707 cum
1403 1668 1437 1706 Sc
1461 1678 1578 1718 pecu-

293 1730 545 1776 niarumvim
569 1735 799 1783 maximam,
825 1735 863 1773 &
887 1732 1059 1784 egregios
1082 1731 1240 1770 haberet
1260 1730 1469 1778 exercitus3
1494 1742 1579 1767 ma-

291 1798 417 1845 jorem
442 1797 637 1836 interdum
658 1796 866 1843 novandis,
883 1807 999 1845 quam
1019 1793 1269 1833 continendis
1289 1791 1426 1839 rebus,
1455 1800 1580 1830 mate-

290 1861 409 1909 riam,
429 1861 495 1900 nisi
518 1873 657 1910 magna
679 1859 929 1898 dominorum
958 1857 1186 1896 auctoritate
1209 1854 1476 1894 custodiantur.
1498 1853 1580 1892 Sci-

289 1923 386 1972 pio,
413 1922 584 1961 dimissus
609 1935 627 1960 a
656 1919 820 1961 Manilio
848 1917 1105 1971 proconsule,
1139 1917 1223 1969 post
1256 1917 1415 1956 tertium
1447 1915 1578 1964 diem,

288 1988 406 2033 quam
431 1983 685 2034 exspiraverat
704 1995 792 2031 rex,
819 1981 967 2021 Cirtam
991 1979 1177 2031 pervenit.

344 2051 490 2094 XVIII.
513 2052 572 2092 Ibi
599 2053 755 2103 cognito
774 2050 973 2092 Masinissae
994 2050 1243 2096 testamento,
1267 2047 1328 2087 cui
1353 2049 1389 2087 ἃ·
1405 2046 1574 2087 filiorum

287 2116 484 2156 unanimis
506 2114 709 2154 consensus
725 2113 1008 2164 acquiescebat,
1033 2121 1165 2152 ceterae
1186 2112 1342 2162 quidem
1366 2110 1576 2150 liberorum

287 2180 408 2218 turbae
438 2180 632 2234 (quatuor
656 2180 690 2217 ἃ
714 2177 964 2228 quadraginta
987 2176 1140 2215 relictos
1163 2175 1321 2225 quidam
1347 2174 1578 2226 numerant)

287 2251 432 2292 przeter·
446 2250 603 2291 accepta
617 2253 637 2279 a
652 2249 808 2290 parente
824 2239 924 2278 dona
944 2237 1088 2288 adjecit
1102 2237 1246 2288 oppida
1260 2236 1433 2288 quaedam
1452 2234 1578 2287 agros-

342 2375 363 2414 ς
388 2374 484 2407 xvl.
508 2374 614 2407 strab.
631 2375 653 2407 1.
674 2383 723 2413 17.
748 2373 824 2405 Val.
848 2372 941 2404 Max.
966 2383 1001 2404 11
1020 2396 1029 2411 ‚
1057 2370 1090 2404 8.
1120 2369 1239 2413 Polyb.
1258 2382 1310 2414 ap.
1334 2368 1446 2403 vales.
1464 2367 1572 2401 Diod,

296 2428 357 2459 32,
380 2431 409 2450 2.
440 2420 583 2461 Appian.
611 2421 630 2460 9
660 2418 764 2449 YVH.
792 2418 929 2448 Lucam.
949 2416 1157 2448 Macrobius.
1183 2415 1302 2459 Polyb.
1328 2415 1473 2459 Appian.
1494 2413 1570 2446 Liv.

290 2463 522 2551 {gittiolgolyh
543 2476 597 2508 ap.
614 2462 726 2498 vales.
747 2461 780 2495 ὅ(
803 2463 949 2495 buldam.
974 2462 1048 2497 Vax.
1072 2460 1167 2494 Max.
1190 2460 1278 2496 Prin,
1304 2469 1348 2503 7,
1370 2471 1421 2501 14.
1444 2458 1572 2493 zonat.
