1673 3052
181 356 384 421 ’ΤΙΤΙ
436 350 1207 418 L1v11PATAv1N1

54 547 155 643 H
196 548 237 639 I
278 550 331 639 S
377 543 460 638 T
506 548 594 638 O
638 542 723 636 R·
763 539 802 633 Ι
850 548 934 636 Α
978 548 1062 635 R
1108 539 1196 637 U
1239 547 1344 638 M

293 760 390 813 AB
441 758 652 813 URBE
708 757 1109 811 co-NmTA

366 932 713 994 LIBER
781 930 1043 995 XLII.

454 1257 499 1313 E
534 1249 718 1314 PIT
746 1257 800 1314 O
839 1255 899 1313 M
935 1257 978 1313 E

148 1408 334 1453 LIBRI
378 1402 909 1462 QUADRAGESIMI
957 1413 1269 1455 SECUNDL

71 1564 123 1614 Q.
147 1561 302 1603 Fulvius
320 1552 480 1602 Flaccus
504 1556 635 1600 censor
655 1549 845 1611 tempium
869 1553 1030 1608 junonis
1052 1560 1215 1601 Laciniae
1241 1570 1359 1613 tegus

113 1623 173 1663 -lis
193 1623 417 1662 marmoreis
432 1621 630 1672 spoliavit,
649 1630 692 1660 ut
704 1622 825 1661 aedem
837 1652 848 1669 ,
866 1633 981 1671 quam
999 1622 1226 1670 dedicabat,
1246 1632 1360 1672 tege-

125 1692 195 1724 ret.
221 1683 357 1735 tegulae
377 1695 423 1722 ex
441 1681 767 1722 senatusconsulto
791 1691 1002 1732 reportatae.
1035 1682 1247 1730 Eumenes,
1264 1683 1356 1722 Afiae

125 1760 218 1796 rex,
242 1749 284 1786 in
309 1746 515 1787 senatude
539 1745 693 1796 Persem
716 1745 960 1785 Macedoniae
982 1757 1088 1794 rege,
1111 1744 1260 1794 questus
1277 1745 1357 1783 est:

128 1811 239 1858 cujus
254 1808 402 1857 injuriae
426 1807 465 1845 in
490 1806 679 1858 populum
703 1805 922 1845 Romanum
947 1804 1173 1843 referuntur.
1198 1803 1248 1843 ob
1267 1817 1360 1854 quas

126 1871 232 1912 bello
250 1870 285 1909 ei
306 1870 475 1918 indieto,
496 1869 534 1909 P.
558 1868 724 1909 Licinius
751 1867 897 1907 Crassus
926 1865 1081 1915 consul,
1099 1866 1162 1923 eui
1184 1866 1224 1905 id
1247 1880 1365 1905 man-

127 1935 262 1975 datum
288 1939 387 1981 erat,
408 1933 446 1971 in
470 1932 745 1972 Macedoniam
765 1931 930 1977 transsit,
952 1930 1176 1981 levibusque
1195 1931 1364 1981 expedi-

129 1994 323 2043 tionibus,
353 1993 586 2044 equestribus
617 1993 788 2044 proeliis,
816 1993 856 2031 in
878 1991 1069 2033 Thessalia
1108 2005 1198 2032 cum
1227 1992 1360 2032 Perseo

127 2066 266 2107 parum
291 2054 398 2094 felici
427 2063 566 2093 eventu
591 2055 787 2104 pugnavit.
816 2054 920 2093 Inter
945 2050 1176 2094 Mafinissam
1204 2055 1239 2093 8:
1269 2054 1364 2093 Car-

127 2116 384 2168 thaginienses
405 2116 453 2155 de
477 2129 566 2167 agro
593 2116 668 2154 fuit
691 2116 832 2154 arbiter
856 2116 906 2154 ad
934 2115 1229 2165 disceptandum
1257 2127 1277 2153 a
1302 2113 1368 2153 se-

130 2189 222 2219 natu
248 2179 370 2219 datus.
397 2179 530 2230 Legati
556 2179 651 2219 miffi
673 2181 722 2219 ad
748 2181 924 2219 civitates
952 2178 1072 2218 socias
1101 2181 1136 2219 S:
1162 2191 1269 2229 reges
1297 2191 1366 2217 ro-

130 2241 304 2291 gandos,
329 2248 371 2279 ut
403 2241 443 2279 in
471 2240 547 2280 fide
578 2250 870 2292 permanerent,
895 2240 1158 2280 dubitantibus
1189 2239 1365 2279 Rhodiis.

128 2301 307 2342 Lustrum
329 2316 349 2342 a
379 2303 599 2343 censoribus
636 2304 839 2343 conditum
866 2304 927 2343 est.
967 2302 1085 2343 Censa
1113 2302 1197 2341 sunt
1224 2302 1366 2339 civium

132 2367 260 2415 capita
285 2367 450 2422 ducenta
479 2367 755 2417 quinquaginta
780 2367 925 2417 septem
952 2367 1072 2405 millia
1099 2362 1265 2405 ducenta
1295 2365 1371 2401 tri-·

133 2425 238 2474 ginta
270 2422 401 2462 unuffi.
431 2425 504 2463 Res
541 2436 721 2474 praeterea
760 2427 937 2466 adversus
971 2426 1107 2467 Corsos
1143 2430 1178 2465 δε
1214 2425 1369 2476 Ligures

132 2485 312 2536 prospere
341 2486 457 2536 gestas
483 2488 670 2528 continet.

144 2552 195 2596 T,
223 2551 316 2596 Liv.
348 2553 445 2597 Vol.
479 2552 585 2598 VJJ.
1077 2551 1115 2595 Α
