1673 3052
290 194 383 255 408
451 194 548 241 JO.
586 190 1095 239 FREINSHEMII
1123 187 1511 254 SUPPLEM.

293 302 397 341 enim
421 308 488 341 aut
513 300 561 338 de
583 310 746 337 numero
765 297 991 348 proeliorum
1005 327 1016 345 ‚
1041 305 1107 336 aut
1129 297 1177 336 de
1199 295 1310 346 loco,
1333 295 1466 336 fimilia
1482 295 1589 347 apud

293 364 497 415 scriptores
522 361 736 401 traduntur.
763 362 969 400 Achaeorum
990 362 1040 399 ad
1066 360 1318 414 Thermopylas
1347 360 1586 412 vigintimil-

294 428 346 466 li.z
360 456 372 474 ‚
399 427 518 464 iterum
542 425 580 462 in
598 424 840 477 ‘phocensibus
861 422 993 475 septem
1017 421 1270 474 occifa'millia
1285 451 1296 469 ‚
1318 419 1502 465 Claudius
1530 433 1590 460 re-

293 488 381 527 fert.
411 484 452 525 Ιή
474 485 624 539 Achaja
646 485 806 536 quidam
823 484 858 522 δ’
873 485 998 523 Elidis
1023 484 1157 538 campis
1178 486 1375 537 pugnaturi?
1395 483 1585 534 produnt:

298 550 414 590 etiam
443 550 492 589 de
517 549 620 589 duce
653 549 820 588 hostium
852 548 1079 597 ambiguum
1104 545 1277 586 Valerius
1296 545 1436 585 'Antias
1466 544 1588 591 facit,

297 614 364 664 qui
391 628 468 651 cum
498 615 605 651 Diaeo
628 612 797 664 pugnaffi’
829 611 1010 649 Metellum
1039 613 1057 660 (
1070 610 1096 648 fi
1119 617 1251 648 tamen
1273 608 1342 652 fidi
1363 607 1456 648 sunt
1483 607 1592 648 codi-

298 675 394 723 ces)
414 674 569 725 scripfit.
610 675 657 713 At
679 672 882 723 Polybius,
898 672 963 722 qui
983 684 1042 711 res
1061 670 1288 710 domesticas
1313 670 1489 721 ignorare
1508 682 1590 708 non

297 734 449 790 potuit,
473 745 563 772 cum
587 732 776 783 plerisque
801 732 1007 779 omnibus,
1023 733 1212 772 Critolaum
1234 730 1429 770 nominat:
1460 741 1588 780 neque

301 795 466 837 dubium
490 794 680 841 habetur,
704 807 751 833 eo
769 794 927 832 demum
947 792 1119 840 sublato,
1136 792 1339 843 imperium
1365 790 1416 830 ad
1438 789 1591 830 Diaeum

299 857 505 899 revertiffe.
530 858 618 897 Hoc
642 856 746 896 enim
770 859 854 906 jure
867 856 994 896 Achaei
1019 855 1247 904 utebantur,
1269 863 1335 902 ut,
1363 852 1448 893 ubi
1454 861 1594 904 praetor:

262 956 264 958 ,
300 912 413 961 fatis
424 919 683 967 conceffiffet,
713 920 777 969 qui
804 919 980 970 proxime
1004 927 1145 969 praetor
1168 916 1318 966 fuisset,
1338 916 1375 956 is
1396 914 1594 966 magistra-

300 991 388 1024 tum
410 983 528 1034 usque
551 982 601 1022 ad
626 992 779 1032 tempus
802 983 1062 1021 comitiorum
1077 988 1233 1031 gereifflet

359 1054 406 1094 V.
438 1053 560 1104 Igitur
586 1051 739 1100 Diaeus,
762 1050 853 1090 belli
867 1053 1002 1100 ,cujus
1027 1051 1171 1101 primus
1198 1052 1330 1090 3υᾶοτ
1350 1047 1430 1099 ipse
1443 1047 1593 1094 fuerat,

304 1117 640 1158 administratione
663 1114 860 1164 suscepta,
884 1114 1099 1164 praefidium
1124 1114 1282 1162 Megara
1310 1113 1431 1160 misit,
1456 1111 1506 1150 ad
1527 1109 1596 1149 ho-

302 1180 457 1221 minum
475 1178 594 1217 millia
616 1185 800 1228 quatuor,
823 1176 1032 1216 Alcamene
1053 1175 1253 1225 ducequ1
1266 1173 1471 1214 wdehcet
1460 1184 1596 1212 irrum-

302 1250 461 1297 pentem
486 1237 693 1280 Metellum
713 1238 966 1289 repellerent,
989 1250 1103 1288 quem
1126 1238 1246 1276 modo
1273 1248 1362 1275 cum
1385 1234 1596 1275 florentiffi-

307 1316 375 1343 mo
401 1302 571 1341 exercitu
594 1308 733 1352 praetor
756 1299 983 1339 Achaeorum
1008 1297 1196 1338 Critolaus
1219 1297 1397 1337 sustinere
1419 1296 1598 1347 nequive-

308 1371 378 1405 rat.
400 1363 485 1415 Ipse
510 1364 628 1413 Argos
648 1361 864 1412 profestus,
886 1362 976 1400 inde
1000 1360 1131 1400 literas
1151 1361 1200 1400 ad
1223 1373 1356 1400 omnes
1372 1353 1523 1408 Achajae
1545 1358 1598 1396 ci-

308 1427 445 1466 vitates
466 1425 600 1471 dedit,
625 1435 666 1462 ut
686 1438 731 1462 ex
752 1425 874 1464 vernis.
895 1426 944 1463 ad
967 1424 1083 1463 millia
1108 1424 1286 1462 duodecim
1306 1419 1499 1471 ma'numzffi‘
1519 1430 1595 1458 'curn

311 1488 419 1525 armis
444 1486 643 1527 Corinthum
664 1486 887 1524 mitterentur.
912 1487 1039 1538 quibus
1060 1500 1171 1524 verna:
1193 1487 1244 1524 ad
1262 1498 1434 1523 numerum
1457 1494 1527 1521 non
1546 1481 1596 1533 efi-

303 1547 408 1601 fient,
435 1560 479 1584 ex
499 1545 586 1583 aliis
614 1546 802 1597 mancipiis
827 1546 988 1599 supplere
1014 1544 1248 1595 permissum.
1276 1544 1331 1584 Ea
1351 1554 1504 1593 quoque
1529 1540 1596 1579 de-

309 1608 467 1659 scriptio
496 1607 758 1658 inaequaliter,
781 1610 816 1648 &
839 1607 960 1658 magis
975 1638 986 1655 ,
1006 1615 1049 1646 ut
1074 1607 1223 1658 praetori
1246 1605 1460 1657 placuerat,
1484 1614 1598 1653 quam

313 1685 363 1712 ex
388 1670 527 1722 opibus
552 1671 770 1717 civitatum,
790 1671 1000 1721 impetrata.
1019 1670 1137 1720 Quod
1159 1670 1276 1708 etiarn
1299 1667 1351 1707 ob
1372 1666 1472 1707 bella
1485 1666 1599 1706 Lace-

313 1733 507 1775 daemonia
534 1735 575 1772 in
606 1746 745 1783 magna
779 1732 1001 1772 difficultate
1037 1732 1265 1783 pecuniariae
1298 1731 1352 1768 rei
1385 1727 1600 1768 versabatur

313 1795 529 1847 respublica
544 1826 556 1842 ,
581 1795 845 1847 opulentiores
867 1807 1023 1845 quoque
1052 1796 1153 1834 viros
1177 1790 1445 1841 matronasque
1473 1789 1600 1841 priva-

315 1861 389 1900 tim
413 1873 545 1899 aurum
569 1870 850 1911 argentumque
875 1859 1048 1897 conferre
1068 1859 1210 1908 coegit.
1239 1854 1362 1897 Simul
1387 1868 1526 1902 omnes,
1541 1852 1602 1905 qui

315 1936 418 1963 aetate
436 1924 583 1960 militari
605 1922 707 1974 effint
722 1953 733 1971 ,
755 1937 800 1962 ex
814 1920 960 1975 Aclzaja
972 1921 1198 1973 Arcadiaque
1223 1919 1424 1961 Corinthum
1446 1927 1601 1955 armatos

316 1986 497 2026 convenire
512 2016 522 2033 ,
544 1985 659 2035 Juffit.

375 2057 441 2097 VI.
475 2058 545 2098 His
572 2058 752 2097 omnibus
775 2058 823 2097 de
848 2058 965 2097 causis
991 2057 1160 2096 maxima
1185 2066 1252 2106 per
1278 2051 1464 2101 Achajam
1488 2050 1602 2101 trepi-

323 2118 430 2159 datio
445 2150 456 2167 ‚
477 2118 738 2168 maximusque
762 2132 848 2157 eum
868 2119 1131 2169 desperatione
1151 2124 1276 2155 metus
1291 2123 1379 2154 erat.
1405 2126 1528 2164 neque
1548 2120 1603 2150 ta-

323 2195 413 2221 men
436 2183 483 2219 ad
512 2180 598 2220 sana
624 2179 777 2220 confilia
803 2190 982 2230 poterant
1005 2180 1171 2229 adjicere
1196 2179 1367 2225 animos3
1393 2175 1481 2222 sed,
1498 2169 1603 2225 quod

322 2242 502 2294 perculfis
525 2242 640 2281 semel
658 2242 849 2281 mentibus
869 2242 1016 2289 evenit,
1034 2242 1253 2292 principum
1274 2239 1426 2279 suorum
1449 2239 1607 2278 demen-

323 2306 422 2344 tiam
436 2304 672 2345 damnabant
690 2304 816 2352 fimul,
831 2308 865 2344 6.-
879 2304 1147 2356 sequebantur.
1173 2304 1247 2344 Prae
1263 2303 1396 2343 ceteris
1409 2301 1608 2348 Eleorum,

371 2442 393 2480 5
418 2441 476 2473 IV.
504 2439 658 2474 Orofius.
682 2441 800 2474 Florus
819 2451 838 2473 2
853 2467 861 2481 ,
878 2440 930 2473 16.
961 2441 1088 2473 Austor
1106 2442 1146 2475 dc
1167 2440 1242 2476 Vir.
1268 2439 1317 2478 m.
1339 2450 1369 2473 c.
1392 2437 1447 2472 60.
1463 2436 1605 2472 Pausan-

323 2491 446 2539 volyb.
469 2492 550 2527 le.
574 2492 664 2538 Epit.
687 2494 710 2538 §
735 2493 781 2528 V.
805 2492 1084 2538 Polyb.'Pausan.
