1673 3052
1286 210 1370 243 111

211 383 414 439 TITI
468 382 712 439 LIVII
772 378 1265 438 PATAVINI

38 563 1377 656 ‘HISTORIARUM

343 793 436 840 AB
482 793 693 841 URBE
737 792 1145 839 CONDITA

376 975 721 1030 LIBER
787 975 1088 1031 XLIV.

91 1134 1374 1161 b———b—-u———ss———a

467 1274 511 1329 E
547 1273 732 1329 PIT
767 1273 822 1330 O
858 1275 921 1330 M
956 1274 999 1330 E

135 1421 356 1482 ,LIBRI
414 1423 987 1475 QUADRAGESlMI
1035 1426 1324 1477 QUARTI.

90 1559 149 1608 Q.
172 1556 341 1598 Marcius
361 1556 558 1609 Philippus
575 1571 641 1608 per
662 1560 789 1598 invios
814 1558 929 1598 saltus
947 1561 1216 1620 penetravit-in
1240 1562 1383 1602 Mace-

92 1649 97 1654 ·
153 1622 309 1661 doniam
321 1652 333 1670 ‚
350 1621 643 1672 compluresque
660 1623 771 1661 urbes
787 1624 1000 1673 occupavit.
1018 1623 1161 1663 Rhodii
1177 1624 1310 1664 misere
1323 1626 1382 1665 le-

91 1709 94 1711 -
153 1693 262 1735 gatos
284 1684 471 1732 Romam,
494 1685 709 1733 minantes,
730 1685 766 1724 se
792 1685 923 1724 Perseo
947 1685 1090 1725 auxilio
1118 1687 1290 1737 futuros,
1313 1689 1381 1729 nifi

90 1782 94 1785 .
151 1747 318 1800 populus
334 1748 528 1787 Romanus
545 1761 632 1787 cum
651 1762 697 1787 eo
723 1761 856 1799 pacem
879 1759 991 1799 atque
1006 1750 1217 1790 amicitiam
1238 1754 1382 1803 junge-

142 1822 221 1851 ret.
254 1810 466 1861 indigneid
488 1810 620 1850 latum.
645 1810 742 1850 Cum
764 1811 803 1849 id
823 1810 967 1850 bellum
987 1812 1026 1851 L.
1050 1812 1202 1852 AEmilio
1225 1814 1381 1862 Paullo,

152 1873 341 1923 sequentis
365 1872 454 1911 anni
472 1872 618 1911 consuli
645 1874 804 1920 iterum,
828 1875 1052 1912 mandatum
1072 1873 1184 1921 esset,
1204 1875 1380 1924 Paullus,

153 1937 196 1976 in
209 1936 397 1974 concione
420 1946 618 1985 precatus,
641 1945 696 1981 ut,
719 1935 906 1985 quidquid
934 1936 1006 1974 diri
1029 1936 1174 1987 populo
1200 1937 1379 1977 Romano

152 1999 392 2046 immineret,
411 1999 452 2036 in
469 1998 629 2036 domum
654 1997 759 2037 suam
787 1996 1089 2046 converteretur,
1113 2000 1148 2038 Sc
1178 2000 1217 2037 in
1244 1999 1382 2039 Mace-

153 2062 310 2101 doniam
332 2061 544 2111 profectus,
559 2062 652 2100 vicit
666 2061 820 2109 Persen,
837 2070 1038 2112 totamque
1053 2063 1325 2103 Macedoniam
1342 2064 1380 2101 in

154 2125 380 2176 potestatem
410 2124 566 2175 redegit.
597 2126 812 2176 Antequam
844 2127 1090 2176 confligeret,
1120 2127 1162 2166 C.
1188 2126 1381 2177 Sulpicius

154 2186 285 2227 Gallus
298 2187 473 2226 tribunus
496 2186 669 2226 militum
682 2188 855 2238 praedixit
871 2189 1081 2236 exercitui,
1096 2202 1144 2227 ne
1160 2190 1379 2236 miraretur,

153 2249 259 2298 quod
283 2248 372 2287 luna
387 2250 500 2287 noste
522 2251 699 2299 proxima
715 2249 908 2289 defestura
925 2250 1024 2289 elset.
1051 2251 1209 2290 Gentius
1227 2264 1380 2301 quoque

155 2323 219 2349 rex
231 2310 471 2362 lllyriorum,
488 2323 576 2349 cum
594 2311 829 2359 rebellnffet,
845 2313 894 2352 ab
911 2314 1046 2352 Anicio
1063 2324 1221 2364 praetore
1239 2314 1379 2362 victus,

155 2374 260 2411 venit
281 2375 320 2411 in
335 2374 569 2412 deditionem
584 2406 594 2421 ,
614 2376 648 2413 Sc
666 2387 755 2413 cum
780 2388 921 2421 uxore,
944 2377 977 2415 ἃ
995 2375 1120 2414 liberis
1135 2406 1145 2421 ‚
1170 2378 1204 2414 Sc
1220 2377 1381 2425 propin-

156 2432 262 2481 quis,
285 2431 446 2470 Romam
468 2431 596 2471 missus
618 2432 680 2471 est.
703 2432 928 2472 Alexandria
948 2434 1062 2484 legati
1083 2449 1103 2473 a
1125 2434 1329 2484 Cleopatra
1345 2436 1379 2474 S:

156 2494 362 2535 Ptolemaeo
388 2495 539 2545 regibus
567 2505 774 2543 venerunt,
799 2505 1000 2545 querentes
1018 2498 1066 2535 de
1088 2496 1279 2535 Antiocho
1296 2509 1383 2548 rege
