1673 3052
292 156 351 218 96
556 150 1208 198 „T1T1L1v11

293 262 407 310 novi
442 264 502 323 Q.
525 260 722 308 Marcius
749 261 797 306 δε
817 258 902 306 Cn.
925 257 1136 304 Servilius
1162 256 1215 303 de
1240 253 1490 318 provinciis
1509 270 1579 302 re-

294 335 517 390 tulissent,
551 333 699 396 primo
743 345 928 394 quoque
968 341 1171 391 ternpore
1203 339 1277 374 aut
1314 342 1578 389 comparare

295 425 374 455 eos
399 407 515 453 inter
533 404 574 450 se
603 403 769 450 ltaliam
792 405 840 449 &
860 401 1200 483 Macedoniann·
1221 412 1296 448 aut
1316 399 1464 446 sortiri
1485 399 1582 462 pla-

296 480 421 527 cuit:
443 477 698 541 priusquam
736 476 780 522 id
809 475 901 522 sors
935 486 1167 531 cerneret,
1191 474 1236 521 in
1255 474 1502 527 incertum,
1526 486 1582 516 ne

295 553 403 616 quid
435 551 572 615 gratia
602 549 821 597 momenti
850 547 1038 606 faceret,
1059 548 1104 593 in
1127 560 1358 609 utramque
1388 544 1582 607 provin-

299 625 435 680 ciam,
467 623 593 685 quod
628 637 695 667 res
733 620 996 667 desideraret
1033 618 1356 682 supplementi,
1386 614 1584 664 decerni.

300 701 348 744 In
382 695 699 743 Macedoniam
734 693 931 755 peditum
969 694 1284 738 Romanorum
1315 690 1390 737 sex
1421 689 1584 746 millia,

301 770 528 816 sociorum
563 767 763 814 nominis
799 765 945 812 Latini
981 765 1054 812 sex
1088 764 1252 811 millia:
1279 764 1453 827 equites
1485 764 1587 810 Ro-

301 857 460 888 manos
501 839 722 885 ducentos
770 836 1122 900 quinquaginta,
1155 835 1302 883 socios
1346 846 1588 881 trecentos·

304 915 485 959 Veteres
514 911 678 957 milites
705 909 896 967 dimitti,
920 910 977 955 ita
1004 922 1053 954 ut
1075 909 1120 954 in
1142 908 1330 972 singulas
1357 908 1589 954 Romanas

307 986 503 1048 legiones
526 1001 580 1030 ne
607 984 705 1047 plus
733 982 830 1031 sena
857 983 994 1030 millia
1020 983 1220 1045 peditum
1237 1020 1252 1040 ,
1275 981 1443 1029 treceni
1463 980 1591 1044 equi-

305 1073 369 1106 tes
387 1059 537 1105 ess'ent.
559 1057 700 1104 Alteri
722 1056 895 1104 consuli
916 1057 1060 1104 nullus
1085 1069 1230 1104 certus
1252 1055 1402 1102 finitus
1429 1071 1590 1101 nume-

304 1150 380 1180 rus
413 1133 581 1180 civium
622 1134 956 1189 Romanorum,
982 1148 1116 1194 quem
1151 1130 1197 1177 in
1233 1129 1591 1193 supplementum

307 1207 485 1270 Izgeret.
515 1204 561 1251 id
581 1204 722 1251 modo
754 1202 953 1259 finitum,
981 1217 1030 1249 ut
1058 1204 1164 1250 duas
1196 1203 1394 1267 legiones
1424 1201 1591 1249 scribe-

308 1294 396 1338 ret,
417 1297 516 1343 quae
535 1279 671 1341 quina
689 1277 824 1323 millia
843 1278 1043 1340 peditum
1062 1279 1110 1333 &
1130 1278 1332 1324 ducenos
1350 1277 1593 1335 haberent,

309 1352 479 1416 equites
495 1363 718 1398 trecenos.
741 1350 1003 1396 Latinorum
1029 1348 1175 1410 major
1190 1385 1205 1408 ,
1229 1366 1359 1413 quam
1379 1347 1594 1410 collegae,

309 1427 511 1472 decretus
528 1440 763 1471 numerus:
780 1423 977 1486 peditum
1000 1422 1152 1469 decem
1172 1421 1309 1468 millia
1331 1423 1378 1468 &
1396 1418 1594 1467 sexcenti

311 1498 497 1563 equiteS.
537 1514 595 1560 qu
585 1508 734 1542 atuor
779 1508 991 1558 praeterea
1033 1495 1231 1558 legiones
1269 1492 1399 1541 scribi
1442 1490 1560 1553 jussae
1578 1525 1595 1548 ‚

311 1587 439 1633 quae,
441 1568 490 1614 s1
508 1583 600 1631 quo
621 1583 736 1629 opus
757 1567 885 1625 effer,
914 1567 1220 1613 educerentur.
1248 1564 1480 1612 Tribunos
1502 1561 1595 1619 his,

313 1660 408 1689 non
427 1640 708 1704 permissum,
730 1652 777 1685 ut
799 1604 1001 1686 consules
1023 1637 1243 1684 facerent:
1265 1636 1458 1699 populus
1477 1650 1595 1682 crea-

314 1716 394 1761 vit.
422 1714 565 1762 Sociis
586 1712 785 1759 nominis
805 1711 949 1758 Latini
970 1710 1191 1758 sexdecim
1212 1709 1350 1756 millia
1371 1707 1567 1771 peditum
1582 1739 1599 1764 ,

316 1792 366 1836 ὃς
398 1788 520 1834 mille
553 1786 723 1849 equites
751 1786 968 1847 imperati.
1006 1784 1139 1832 Hunc
1176 1783 1424 1830 exercitum
1454 1779 1598 1843 parari

318 1874 487 1908 tantum
510 1860 702 1923 placuit,
722 1872 770 1905 ut
795 1859 960 1916 exiret,
980 1856 1011 1905 fi
1041 1876 1133 1920 quo
1156 1874 1224 1904 res
1252 1855 1467 1919 posceret.
1496 1856 1600 1900 Ma-

319 1934 506 1981 cedonia
528 1933 721 1979 maxime
748 1948 897 1979 curam
927 1933 1167 1994 praebebat.
1197 1931 1240 1976 in
1275 1929 1447 1977 classem
1479 1926 1600 1974 mille

320 2007 428 2053 socii
469 2006 650 2052 navales
686 2006 808 2052 cives
852 2004 1044 2050 Romani
1083 2003 1280 2050 libertini
1318 2000 1514 2059 ordinis,
1543 2017 1601 2047 ex

322 2077 443 2124 ltalia
465 2079 487 2101 ³*
510 2077 638 2124 scribi
667 2076 783 2136 jussu
806 2077 991 2122 totidem
1023 2090 1070 2122 ut
1098 2093 1150 2121 ex
1178 2074 1326 2121 Sicilia
1358 2073 1602 2119 scriberen⁶

324 2166 394 2199 tur
415 2170 426 2197 ε
449 2155 518 2208 δέ,
543 2151 613 2197 cui
638 2167 687 2197 ea
719 2150 958 2213 provincia
987 2149 1227 2206 evenisset,
1250 2148 1502 2194 mandatum
1520 2183 1532 2204 ,
1554 2156 1604 2192 ut

323 2243 402 2272 eos
422 2226 468 2270 in
491 2224 799 2271 Macedoniam
814 2258 826 2280 ‚
848 2224 1104 2286 ubicunque
1131 2223 1269 2268 clariis
1291 2222 1418 2278 essct,
1439 2220 1603 2281 depor—

324 2298 485 2345 tandos
522 2310 708 2344 curaren
743 2300 788 2342 ln
826 2296 1078 2358 Hispaniam
1115 2296 1197 2341 tria
1231 2295 1368 2341 millia
1402 2293 1602 2355 peditum

328 2375 638 2418 Romanorum
659 2371 701 2417 in
726 2370 1104 2432 supplementum,
1127 2369 1314 2415 trecenti
1335 2367 1507 2431 equites
1527 2368 1604 2412 ‹le-

331 2445 451 2492 creti.
472 2444 643 2492 Finitus
665 2444 726 2492 ibi
749 2460 928 2508 quoquc
950 2443 996 2489 in
1021 2443 1217 2507 legiones
1240 2442 1432 2488 militum
1453 2457 1606 2488 nume·
