1673 3052
245 193 338 256 306
414 191 506 239 JO.
557 186 1076 236 FREINSHEMII
1111 188 1474 240 SUPPLEM.

242 299 485 347 advertisset,
511 297 778 337 Lufitanorum
803 297 944 347 copias
967 297 1008 335 in
1032 297 1251 348 propinquo
1276 296 1553 348 negligentius>

244 376 380 413 agere,
397 359 545 400 dimiss'a
569 370 659 397 cum
682 359 900 409 legatorum
925 357 1248 409 tribunorumque
1264 359 1458 402 acerrimis
1473 372 1538 399 ex-

240 426 376 478 pedita
406 435 544 468 manu,
580 422 835 460 circumvenit
864 421 1064 469 incautos,
1093 424 1129 462 ἃ
1154 422 1202 462 ad
1227 422 1348 462 millia
1373 431 1538 474 quatuor

228 485 445 535 interfecit.
474 483 620 523 Iterum
645 483 786 522 deinde
813 483 915 522 circa
955 483 1081 523 Gades
1110 495 1293 535 magnum
1323 485 1539 525 eorundem

240 549 410 588 hostium
432 548 646 586 exercitum
669 546 852 595 adeptus,
873 545 1006 590 occisis
1030 544 1138 585 mille
1163 547 1408 597 quingentis,
1433 557 1536 585 cete·
1555 567 1558 570 Δ

242 624 305 650 ros
316 642 326 660 ,
343 611 381 649 in
395 610 498 649 edita
511 608 596 647 loca
617 606 837 658 compulsos
852 638 864 656 ,
881 619 970 646 cum
985 620 1111 647 rerum
1127 607 1418 647 necessariarum
1443 609 1534 647 ino-

235 676 307 724 pia
334 679 624 724 premerentur,
647 671 685 709 in
713 670 953 710 deditionem
979 672 1144 720 accepit.
1171 669 1255 709 Post
1281 669 1352 709 hos
1376 668 1537 710 succes-

238 732 303 772 sus
329 732 538 783 perterritis
560 730 729 769 hostium
757 731 917 777 animis,
940 743 1009 781 per
1036 730 1266 771 Lusitaniam
1292 730 1536 782 populabun-

239 795 315 836 dus
336 794 565 841 incedebat,
596 793 752 832 nemine
775 793 950 832 oblistere
972 793 1075 834 auso.
1112 806 1195 844 quae
1228 806 1286 832 res
1308 794 1425 833 etiam
1451 795 1531 835 Ser.

240 856 376 898 Galbae
405 857 497 895 fecit
515 855 715 895 audaciam
730 885 741 903 ‚
762 864 803 894 ut
827 857 862 894 δε
888 854 967 905 ipse
992 856 1040 895 ad
1064 855 1262 896 vastandas
1289 856 1456 900 hostium
1477 869 1553 897 re·-

238 920 376 969 giones
403 917 560 958 liberius
588 926 842 968 procurreret.
857 917 984 957 ,Unde
1007 917 1171 968 correpti
1194 918 1448 968 poenitentia,
1465 920 1533 967 qui

239 980 462 1020 defecerant
476 1010 488 1028 ,
511 979 697 1019 miserunt
725 980 775 1018 ad
802 979 963 1019 Galbam
980 1010 991 1027 ,
1022 981 1212 1030 petitum,
1233 992 1274 1019 ut
1300 981 1420 1034 iisdem
1443 980 1535 1033 legi-

239 1041 329 1089 bus,
356 1041 482 1093 quibus
510 1055 606 1079 anno
637 1041 811 1093 praeterito
838 1054 914 1079 cum
945 1042 1004 1079 M.
1030 1041 1150 1082 Atilio
1177 1043 1276 1094 paffi
1294 1041 1469 1094 ficerunt,
1494 1041 1534 1079 in

239 1116 434 1142 amlcltmm
460 1114 706 1154 reclpesesstllr.

294 1166 454 1207 XXIX.
485 1165 630 1213 Galba,
653 1165 811 1203 minime
831 1162 1018 1203 laudabili
1044 1171 1145 1211 arte,
1163 1162 1323 1214 perfidia
1353 1163 1393 1201 in
1417 1162 1532 1214 perfi-

238 1229 315 1269 dos
338 1228 394 1269 uti
419 1229 619 1279 cogitans,
650 1226 825 1266 simulata
850 1227 1035 1266 comitate
1063 1227 1209 1276 excipit
1235 1225 1406 1276 legatos:
1440 1239 1530 1265 com-

232 1306 369 1346 pertum
379 1292 452 1342 fibi
464 1321 475 1338 ,
491 1306 561 1329 non
579 1292 758 1343 pravitate
773 1291 907 1342 ingenii
926 1306 950 1328 a
970 1289 1275 1342 prioribus'paffis
1293 1288 1380 1340 refili
1410 1304 1426 1326 e
1449 1289 1528 1326 Lu-

227 1357 386 1407 sitanos,
399 1353 467 1406 sed
486 1353 605 1406 inopia
620 1355 754 1391 coaetos
769 1381 780 1398 ,
792 1388 793 1391 ,
806 1352 849 1389 ob
869 1351 1086 1405 sterilitatem
1096 1352 1172 1404 suae
1192 1351 1347 1404 regionis
1359 1349 1528 1398 ‚alienos

238 1431 343 1468 agros
368 1414 554 1466 incurriffe.
576 1416 623 1453 Id
642 1429 684 1452 ne
703 1413 865 1465 deinceps
886 1426 1018 1464 qnoque
1029 1410 1150 1464 fhcere
1165 1411 1329 1463 neceffitm
1344 1412 1526 1461 haberent,

238 1491 361 1517 terram
377 1478 431 1517 ait
454 1478 617 1514 daturum
644 1476 768 1514 bonam
793 1486 895 1526 atque
915 1473 1245 1514 commodamt'non
1270 1475 1405 1527 quidem
1419 1504 1430 1520 ,
1452 1487 1527 1526 quae

238 1552 373 1579 tantam
393 1538 651 1576 multitudinem
674 1536 868 1575 continenti
886 1536 1007 1588 spatio
1027 1536 1157 1575 aleret:
1173 1537 1286 1589 fidfi
1300 1548 1369 1574 tres
1392 1536 1429 1573 in
1440 1550 1526 1589 par-

239 1616 290 1643 tes
304 1603 419 1641 dividi
432 1612 634 1655 paterentur
645 1630 658 1646 ‚
675 1599 822 1637 idoneas
833 1599 990 1651 singulis
1003 1598 1105 1650 fides
1121 1598 1284 1651 qffignari
1295 1598 1401 1651 poffi’.
1434 1597 1524 1638 Gre-

240 1666 340 1705 dunt
357 1663 547 1716 pron-siffis
561 1660 803 1715 pro'praetoris
815 1693 827 1708 ,
850 1670 1010 1712 accepta
1032 1661 1073 1700 in
1095 1661 1137 1700 id
1152 1661 1230 1701 fide
1242 1691 1253 1710 ,
1268 1660 1444 1703 barbari:
1462 1662 1528 1701 de-

237 1727 419 1778 sertisque
444 1726 648 1773 domibus,
670 1725 720 1763 ad
744 1736 833 1763 eum
854 1722 984 1762 locum
1000 1753 1011 1770 ,
1037 1735 1152 1773 quem
1165 1723 1531 1762 Romanusssindica-

236 1799 364 1838 verat,
380 1790 551 1829 maximo
567 1802 728 1828 numero
745 1788 958 1827 confluunt.
990 1787 1062 1827 Eos
1084 1788 1123 1826 in
1142 1787 1211 1825 tria
1228 1786 1388 1836 partitus
1407 1785 1526 1835 agmi-

232 1867 283 1892 na
308 1855 346 1891 in
372 1853 448 1892 lata
475 1852 666 1903 planicie,
694 1850 782 1890 satis
808 1863 948 1901 magno
980 1849 1074 1888 alios
1099 1849 1147 1888 ab
1179 1848 1260 1887 aliis
1297 1847 1525 1897 intervallo,

236 1914 431 1953 confidere
452 1912 588 1962 jubet:
613 1912 745 1962 ibique
763 1911 930 1950 reditum
944 1909 1055 1950 suum
1073 1909 1288 1961 prtestolari.
1311 1909 1415 1949 Tum
1437 1921 1526 1959 pro-

235 1976 362 2014 ximos
388 1974 554 2023 benigna
577 1973 752 2024 oratione
770 1972 1031 2023 compellans,
1056 1971 1211 2023 quando
1233 1972 1312 2019 jam
1330 1970 1444 2008 amici
1466 1969 1524 2009 so-

234 2038 359 2087 ciiquc
381 2036 523 2083 efflent,
550 2037 745 2086 deponere
772 2047 878 2073 arma
906 2034 1028 2083 jubet.
1059 2032 1207 2072 barbari
1231 2031 1306 2070 fine
1327 2040 1433 2071 metu
1457 2045 1522 2082 pa-

232 2113 353 2140 ruere.
382 2107 422 2138 at
447 2097 510 2136 ille
531 2097 632 2136 vallo
655 2095 888 2135 circumdari
915 2094 1107 2134 universos
1131 2095 1318 2143 imperat,
1338 2105 1429 2131 mox
1451 2093 1526 2132 im-

231 2161 348 2202 missis
379 2159 532 2198 armatis
557 2157 666 2196 caedi.
704 2157 848 2196 Eadem
875 2155 1018 2194 deinde
1045 2153 1179 2193 fraude
1208 2153 1348 2192 alteros
1374 2152 1527 2202 oppres-

233 2222 306 2269 [ιτς
331 2221 469 2259 cadem
496 2218 641 2258 tertios.
672 2229 744 2255 nec
769 2229 816 2256 ex
839 2225 944 2256 tanta
965 2216 1002 2255 vi
1021 2215 1226 2255 hominum
1253 2215 1414 2254 evadere
1439 2226 1523 2253 cru-

235 2283 363 2324 delem
378 2285 462 2332 ejus
484 2281 687 2332 perfidiam
699 2311 712 2328 ,
726 2279 792 2318 nisi
807 2279 1015 2330 perpauci,
1030 2292 1202 2330 potuere.
1231 2291 1326 2329 quos
1344 2278 1441 2317 inter
1461 2278 1526 2327 Vi·-

235 2348 351 2384 riatus
378 2344 474 2392 fuit,
504 2356 619 2394 quem
655 2342 809 2380 fortuna
833 2340 1289 2391 vindictae‚1‘ecut·eque
1314 2339 1527 2380 vindictam

275 2450 295 2490 S
316 2449 468 2481 XXVIII.
488 2449 563 2481 [iv.
590 2449 678 2492 Epit.
703 2447 806 2483 Oros.
824 2459 858 2490 4,
879 2459 934 2482 21.
956 2447 1031 2483 V.al
1048 2447 1142 2483 Max.
1170 2457 1256 2490 2‚4.
1272 2445 1383 2480 Tacit.
1409 2457 1469 2510 11·v
1485 2451 1521 2483 4·

231 2494 321 2529 Vini.
351 2494 544 2538 1.Appia11.
571 2493 714 2540 Hispan.
