1673 3052
260 157 809 206 HISTORIARUM
841 157 967 205 LIB.
1002 157 1166 207 XLlV.
1266 177 1352 225 129

70 267 205 315 fidem
243 264 403 329 aequali
438 277 599 314 tenore
645 266 954 330 egregiamque
994 282 1177 330 operam
1213 267 1262 315 in
1295 284 1354 316 eo

69 339 193 388 bello
215 340 356 388 fuiffe.
817 364 819 366 ·

135 411 262 463 XlV.
298 416 423 462 Dum
445 409 648 461 bellum
638 431 683 459 m
706 410 973 462 Macedonia
994 415 1190 477 geritur,
1220 412 1356 479 legati

72 466 357 550 Transalpini
391 487 448 533 ab
482 485 640 565 regulo
679 487 917 534 Gallorum
958 487 1180 548 (Balanos
1218 489 1376 551 ipfius-

71 557 259 605 traditur
282 571 480 612 nomem
510 556 681 620 gentis,
709 571 763 603 ex
785 572 872 619 qua
892 556 1058 616 fuerit,
1091 575 1186 605 non
1214 559 1354 605 tradi-

72 628 176 692 tur)
206 630 397 675 Romam
426 639 678 686 venerunt,
710 627 977 690 pollicentes
1001 630 1055 676 ad
1083 631 1355 678 Macedoni-

73 718 176 748 cum
196 700 364 748 bellum
388 699 561 748 auxilia.
598 699 765 746 Gratiae
799 699 854 746 ab
874 700 1026 748 senatu
1044 703 1149 749 3&ae
1164 739 1176 760 ‚
1200 719 1356 749 mune-

71 787 212 836 raque
235 773 388 832 missa,
418 771 595 836 torquis
623 788 780 819 aureus
814 773 908 818 duo
934 774 1093 835 pondo
1110 810 1123 832 ,
1155 776 1206 822 ὅ(
1225 787 1353 838 pate·-

73 862 138 896 rae
166 862 310 894 aureae
338 858 532 910 quatuor
565 846 754 908 poncl0‚
789 863 930 908 equus
969 846 1247 909 phaleratus,
1284 865 1356 894 ar·-

73 932 234 982 maque
252 917 483 981 equestria.
505 916 757 964 Secundum
781 919 940 966 Gallos
963 920 1204 984 Pamphyli
1223 920 1356 984 legati

74 1006 296 1038 coronam
333 1005 509 1038 auream
527 1026 541 1049 ,
579 1007 636 1037 ex
665 990 832 1055 viginti
860 991 1059 1040 millibus
1092 993 1358 1056 Philippeo-

75 1078 176 1111 rum
212 1063 398 1122 faihm,
430 1065 476 1110 in
508 1063 678 1111 curiam
707 1064 987 1112 intulerunt:
1017 1065 1358 1130 petentibusque

77 1134 165 1195 iis,
201 1150 252 1184 ut
287 1133 334 1184 id
368 1138 540 1185 donum
575 1138 622 1184 in
664 1137 774 1185 cella
809 1139 938 1186 Jovis
974 1139 1137 1202 optimi
1173 1139 1357 1188 maximi

75 1222 274 1273 ponere,
304 1212 355 1258 &
383 1206 627 1258 sacrific-are
647 1209 694 1256 in
716 1206 951 1273 Capitolio
972 1211 1152 1268 liceret,
1173 1212 1359 1274 permis-

77 1280 186 1328 sum.
208 1281 488 1344 benigneque
511 1280 745 1327 amicitiam
768 1298 992 1329 renovare
1013 1284 1276 1331 volentibus
1297 1286 1361 1331 le·-

79 1353 191 1417 'gatis
226 1352 514 1417 responsum,
547 1356 595 1401 δί
629 1354 788 1400 binfim
825 1351 1016 1403 millium
1048 1356 1146 1404 aeris
1177 1355 1363 1421 fingulis

79 1426 256 1474 miffum
275 1443 450 1474 munus.
480 1426 598 1472 Tum
619 1426 675 1472 ab
700 1442 801 1490 rege
827 1427 976 1474 Prufia
994 1463 1008 1486 ,
1036 1429 1086 1475 &
1103 1427 1241 1490 paulo
1261 1428 1364 1490 post

79 1498 135 1545 ab
166 1499 357 1546 Rhodiis
377 1533 390 1556 ‚
424 1497 659 1546 (le-eadem
695 1515 742 1545 re
775 1497 909 1560 longe
944 1499 1071 1546 aliter
1107 1495 1371 1548 differentes

80 1571 214 1636 legati
246 1568 387 1620 auditi
406 1571 522 1619 sunt.
556 1587 744 1635 utraque
770 1571 938 1634 legatio
970 1572 1024 1618 de
1053 1589 1163 1634 pace
1200 1589 1363 1620 recon-

81 1645 273 1695 cilianda
306 1662 408 1693 cum
435 1659 538 1710 rege
567 1645 724 1693 Perseo
757 1647 861 1710 egit,
890 1644 1051 1692 Prufiae
1080 1663 1233 1709 preces
1264 1664 1365 1694 ma·-

82 1719 175 1781 gis,
203 1733 337 1781 quam
374 1718 617 1781 postulatio
635 1754 648 1778 ‚
683 1719 836 1776 fuere,
862 1717 1143 1782 profitentis,
1167 1719 1210 1767 6⁴
1233 1724 1293 1767 ad
1318 1720 1367 1768 id

82 1794 294 1854 tempusfi
311 1808 401 1839 cum
423 1796 630 1840 Romanis
634 1793 805 1861 stedffi,
825 1793 890 1851 δ’,
910 1799 1052 1856 quoad
1067 1798 1215 1841 bellum
1221 1796 1337 1854 foret
1349 1831 1365 1853 ‚

68 1868 290 1933 staturum.
326 1870 503 1914 Ceterum
537 1887 625 1914 cum
647 1870 760 1929 adsta
784 1888 810 1914 a
844 1869 988 1928 Perfieo
1017 1872 1140 1931 legati
1171 1868 1366 1931 veniffinc

84 1943 134 1985 de
148 1940 341 1998 finiendo
365 1958 457 1987 cum
490 1944 700 1988 Romanis
731 1944 835 1988 bello
851 1977 863 1999 ,
887 1939 930 1987 ὃ*
959 1946 1014 1988 iis
1027 1945 1265 2002 pollicitum
1297 1947 1367 1989 de-

76 2028 324 2075 precatorem
344 2017 460 2074 apud
463 2016 656 2073 senatum
665 2015 860 2073 finarum
874 2035 894 2070 ;
904 2032 1032 2076 petere
1047 2014 1284 2080 ,fipoffint
1302 2020 1370 2061 in-

87 2085 225 2129 ducere
242 2086 287 2129 in
306 2087 493 2131 animum
509 2120 522 2142 ‚
545 2087 760 2144 utfinianc
779 2090 882 2132 iram
896 2120 908 2143 ‚
930 2088 975 2145 [ὲ
994 2104 1148 2146 quoquc
1165 2090 1211 2132 in
1231 2091 1367 2148 gratia

88 2159 356 2203 reconciliatae
367 2162 491 2219 pacis
502 2158 616 2222 poffi
647 2163 721 2206 uti.
741 2159 836 2206 haec
861 2159 970 2223 regii
990 2160 1137 2224 legati.
1171 2159 1371 2219 Rhodii,

87 2226 275 2291 superbe
308 2230 672 2277 commemoratis
711 2248 814 2294 erga
850 2232 1070 2294 populum
1109 2233 1367 2278 Romanum

88 2297 346 2356 beneficiis,
368 2302 417 2348 &
445 2318 572 2363 paene
602 2301 834 2360 νίξὶοτὶεε,
859 2303 1014 2365 utique
1050 2303 1102 2348 de
1132 2302 1369 2348 Antiocho

88 2387 216 2436 rege,
249 2371 419 2433 majore
455 2387 580 2435 parte
616 2376 671 2421 ad
708 2376 751 2422 se
786 2377 1042 2433 vindicata,
1080 2375 1369 2438 adjecerunt:

93 2447 193 2491 Cum
213 2462 310 2504 pax
333 2446 437 2490 inter
449 2446 707 2494 [Macedonas
732 2449 1019 2509 Romanosque
1038 2447 1244 2512 effet‚fibi
1263 2452 1373 2493 ami·-

157 2517 208 2563 T.
237 2519 449 2568 Liv.,Vol.
478 2519 588 2568 Vll.
1100 2521 1120 2563 1
