1673 3052
277 206 345 261 ‘44
648 194 1206 245 T1T1L1V11

279 299 411 364 legati
436 319 461 347 a
478 299 638 348 Perseo
659 316 762 363 rege
783 309 1035 355 venerunt,
1065 296 1235 361 privati
1263 295 1457 343 maxime
1473 294 1562 342 ho-

281 371 399 433 spitii
417 370 574 418 fiducia
594 407 607 428 ,
640 369 766 433 quod
796 369 837 416 ei
866 380 1098 432 paternum
1120 386 1222 416 cum
1242 368 1418 416 Marcio
1451 378 1561 415 erat.

281 443 353 489 Ab
375 443 503 504 hujus
523 442 852 491 necessitudinis
875 441 1312 489 commemoratione
1331 440 1420 488 orsi
1439 476 1455 499 ,
1483 455 1562 502 pe·

281 514 450 562 tierunt
480 515 643 578 legati,
676 516 723 562 in
757 515 1044 579 colloquium
1072 515 1286 562 veniendi
1312 515 1406 579 regi
1429 526 1563 578 pote-

283 585 434 634 statem
468 587 648 635 faceret.
683 588 881 635 Marcius
897 624 910 645 ‚
940 590 1004 634 Et
1017 590 1066 650 se
1094 592 1155 634 ita
1173 606 1201 633 a
1214 603 1332 649 patre
1345 589 1431 650 suo
1449 604 1565 633 acce-

274 657 405 723 pffl,
421 660 558 719 dixit,
573 663 803 707 amicitiam
823 661 1120 722 hospitiumque
1138 679 1227 706 cum
1245 662 1440 722 Philippo
1448 660 1567 720 fuis·

272 735 336 796 fi.
367 738 540 782 minime
572 740 844 782 immemorem
874 734 1178 798 neceffi'tuditzis
1208 732 1297 789 ejus
1325 734 1567 795 legationem

284 828 372 854 eam
386 809 622 873 fuscepiſje.
656 811 939 870 Colloquium,
959 807 1131 871 stfiztis
1161 808 1367 852 commode
1397 809 1568 863 valeret,

286 901 383 941 non·
407 882 503 946 uiffiz
522 887 750 929 dilaturum
763 901 778 929 .·
797 900 908 928 nunc
922 917 935 938 ,
955 883 1024 926 ubi
1040 883 1226 941 primum
1234 877 1387 943 poffic,
1408 881 1467 925 ad
1485 881 1568 924 Pe-

286 975 407 1002 neum
422 960 588 1023 flumen
604 992 618 1015 ‚
644 976 725 1018 qua
750 957 947 1021 tranfitus
977 958 1030 1000 ab
1050 956 1252 1001 Homolio
1279 953 1423 998 Dium
1454 949 1571 1015 effet,

278 1030 493 1092 praemzffi's
510 1066 524 1088 ‚
552 1035 623 1093 qui
648 1033 887 1076 nunciarem
910 1032 990 1091 regi
1003 1063 1016 1083 ,
1038 1043 1244 1074 venturo&

352 1102 576 1148 XXXIX.
609 1103 665 1147 Et
690 1112 787 1147 tum
807 1100 987 1163 quidem
1019 1099 1074 1145 ab
1093 1097 1192 1146 Dio
1219 1094 1402 1144 Perseus
1428 1095 1476 1143 in
1497 1094 1571 1142 in-

287 1173 456 1220 teriora
476 1174 599 1238 regni
619 1173 778 1236 recipit
795 1172 836 1220 se
846 1209 862 1231 ,
879 1172 969 1219 levi
989 1189 1093 1218 aura
1116 1169 1208 1233 spei
1227 1168 1426 1230 objecta,
1445 1166 1574 1230 quod

289 1249 489 1296 Marcius
509 1250 645 1312 ipfius
666 1248 793 1295 causa
820 1246 1050 1310 suscepisse
1076 1246 1116 1291 se
1138 1244 1409 1308 legationem
1436 1239 1574 1288 dixis-

289 1320 366 1369 set.
403 1321 507 1369 Post
538 1321 631 1369 dies
658 1337 827 1384 paucos
855 1320 911 1366 ad
941 1318 1232 1366 constitutum
1260 1316 1414 1363 locum
1433 1328 1576 1362 vene-

290 1408 410 1443 runt.
449 1398 640 1459 Magnus
669 1394 908 1442 comitatus
943 1392 1029 1439 fuit
1061 1390 1238 1456 regius,
1270 1406 1371 1438 cum
1401 1386 1576 1435 amico-

291 1484 426 1525 rum,
453 1480 548 1515 tum
580 1468 815 1515 satellitum
851 1467 981 1512 turba
1015 1463 1216 1528 stipante.
1253 1464 1362 1510 Non
1395 1460 1576 1517 minore

293 1541 470 1605 agmine
498 1541 629 1605 legati
660 1551 914 1596 venerunt,
944 1541 993 1585 &
1019 1538 1074 1584 ab
1092 1535 1253 1584 Lariss‘a
1283 1533 1434 1581 multis
1463 1547 1578 1595 pro-

293 1613 580 1676 sequentibus
599 1649 613 1669 ,
635 1614 685 1660 δε
711 1611 1009 1675 legationibus
1036 1609 1272 1656 civitatum
1289 1641 1302 1665 ,
1330 1621 1434 1669 quae
1466 1619 1579 1650 con·

295 1698 517 1734 venerant
545 1686 752 1733 Larissam
772 1720 785 1744 ‚
821 1686 870 1731 &
902 1682 1159 1729 renuntiare
1195 1681 1382 1727 domum
1421 1688 1540 1724 certa
1561 1712 1577 1734 ,

296 1776 399 1821 quae
430 1760 673 1819 audissent,
704 1758 940 1807 volebant.
984 1758 1130 1802 Inerat
1160 1771 1264 1802 cura
1296 1752 1420 1799 infita
1452 1766 1579 1797 mor-

297 1832 460 1878 talibus
491 1833 672 1879 videndi
707 1830 1050 1894 congredientes
1085 1827 1285 1874 nobilem
1319 1840 1498 1888 regem,
1530 1824 1580 1871 &

298 1906 460 1968 populi
494 1906 710 1969 principis
743 1917 957 1951 terrarum
990 1902 1195 1948 omnium
1233 1901 1416 1964 legatos.
1454 1896 1582 1944 Post-

298 1998 433 2042 quam
454 1981 497 2026 in
524 1981 765 2043 conspectu
784 1979 998 2025 steterunt
1012 2012 1024 2034 ‚
1045 1977 1281 2022 dirimente
1299 1988 1428 2020 amne
1441 2007 1455 2030 ‚
1472 1987 1584 2033 pau-

301 2053 435 2116 lisper
458 2053 829 2102 internuntiando
856 2051 1081 2099 cunciatio
1106 2049 1189 2096 fuit
1205 2085 1218 2108 ‚
1248 2047 1339 2096 utri
1364 2044 1583 2108 transgre-

303 2128 528 2176 derentur.
565 2129 734 2191 aliquid
755 2128 818 2175 illi
839 2127 969 2190 regiae
985 2123 1223 2186 majestati,
1242 2120 1411 2185 aliquid
1430 2119 1478 2166 hi
1498 2134 1583 2181 po·-

304 2200 400 2263 puli
430 2201 627 2248 Romani
655 2200 861 2256 nomini,
892 2216 992 2246 cum
1024 2196 1266 2260 praesertim
1294 2192 1470 2241 Perseus
1503 2207 1584 2252 pe-

306 2274 420 2321 tiffet
447 2275 727 2339 colloquium
747 2310 761 2330 ‚
786 2272 1098 2319 existimabant
1123 2268 1288 2316 deberi.
1318 2268 1432 2314 Joco
1454 2264 1585 2310 etiam

307 2349 505 2396 Marcius
524 2350 780 2396 cunctantes
800 2346 964 2393 movit.
986 2348 1159 2402 Minor,
1180 2340 1353 2405 inquit,
1372 2341 1431 2385 ad
1449 2337 1587 2394 majo-

308 2442 386 2468 rem
400 2455 414 2478 ‚
435 2422 477 2470 ὁ
497 2423 643 2488 (quod
659 2422 868 2485 Philippo
888 2420 967 2483 {pst
987 2433 1247 2483 cognomen
1266 2411 1379 2477 erat)
1390 2415 1514 2474 filius
1530 2413 1589 2456 ad

305 2515 463 2557 patrem
496 2499 690 2559 transeat.
719 2495 863 2544 Facile
886 2491 1138 2558 persuasum
1165 2489 1211 2537 id
1230 2486 1325 2552 regi
1343 2485 1420 2533 est.
1454 2481 1587 2531 Aliud
