1673 3052
228 194 325 244 324
392 181 482 229 JO·
531 180 1036 229 FREINSHEMII
1075 182 1428 233 SUPPLEMs

223 302 276 329 ne
302 290 390 340 ipsis
412 289 569 340 quidem
595 287 823 339 corporibus
847 287 1034 328 abstinere
1060 290 1214 329 infestas
1242 303 1378 332 manus
1403 300 1415 332 τ’
1449 306 1521 344 po-

220 351 375 400 stremo,
394 351 459 390 ubi
475 353 552 400 jam
572 350 757 400 fatigatus
783 351 978 391 remiserat
992 351 1129 402 dolor,
1150 362 1390 395 mortuorum
1406 355 1520 396 instar

219 415 298 459 fine
319 427 436 463 voce,
462 413 539 452 sine
570 422 678 452 motu
705 413 897 462 Jacebant.

273 477 401 519 XVII.
430 477 592 517 Attoniti
621 477 670 516 ad
695 476 777 516 haec
798 477 961 517 Romani
987 477 1158 528 stabant,
1183 481 1520 522 commiseratione

221 543 260 582 &c
285 540 466 592 exemplo
489 540 599 579 sortis
627 539 805 580 humanae
821 541 1061 592 stupentibus
1083 544 1244 586 animis:
1270 545 1339 596 ipfi
1363 558 1519 596 quoque

219 603 399 643 consules
437 603 692 655 indulgebant
720 603 964 651 hominibus,
991 606 1031 644 in
1061 605 1186 646 subita
1211 608 1518 649 consternatione

213 667 384 716 primum
418 666 536 704 animi
559 665 749 714 impetum
778 664 879 704 male
903 665 1172 706 sustinentibus
1187 682 1198 716 3
1215 669 1338 719 gnari,
1362 668 1438 708 hoc
1453 669 1521 709 ha..

215 727 310 768 bere
345 740 502 778 magnas
534 726 801 773 calamitates,
824 735 868 766 ut
895 727 1018 766 statim
1037 729 1197 779 quidem
1224 730 1426 769 audaciam
1452 731 1518 770 in-

213 789 352 839 jiciant
374 788 570 828 mentibus
584 819 596 837 ,
627 802 720 827 mox
742 788 985 838 necessitate,
1012 792 1048 830 δι
1078 790 1318 830 assuetudine
1340 792 1516 842 ferendi,

215 852 377 892 audacia
403 853 442 890 in
458 850 719 890 humilitatem
736 859 914 891 vertatur.
939 853 1058 903 Quod
1086 853 1200 893 etiam
1220 853 1519 905 Carthaginien-

213 913 318 953 fibus
345 923 429 952 tum
459 913 633 962 contigit.
677 925 767 951 cum
793 914 897 952 enim
921 913 1162 962 aliquamdiu
1189 914 1296 953 taciti
1325 914 1425 954 mala
1451 913 1518 955 sua

217 974 538 1022 considerassent,
569 974 838 1025 indignatione
868 974 1064 1025 deposita,
1092 987 1181 1015 cum
1207 975 1359 1026 ploratu
1385 978 1421 1016 ἅ
1442 977 1519 1029 'la-

219 1040 348 1079 crimis
371 1039 498 1078 vicem
525 1038 632 1078 suam
664 1037 954 1088 liberorumque
987 1041 1023 1079 8.
1052 1042 1263 1091 conjugum
1295 1041 1517 1090 deflebant,

216 1100 410 1161 ipsiusque
427 1099 779 1151 patriae·&l1anc,
797 1100 897 1151 quasi
914 1102 1159 1150 audientem,
1184 1101 1342 1140 nomine
1363 1102 1517 1142 invoca-

219 1162 327 1203 bant.
356 1166 404 1203 At
426 1175 515 1203 vero
538 1160 755 1201 sacerdotes
786 1162 976 1202 vocabula
1007 1162 1201 1203 sacrorum
1232 1165 1517 1216 numinumque

219 1227 337 1274 ciere,
352 1225 439 1276 ipfis
455 1237 621 1275 quoque,
637 1235 822 1275 tanquam
839 1225 1102 1275 praesentibus,
1121 1238 1372 1265 communem
1387 1227 1517 1266 interi-

218 1298 307 1328 tum
330 1286 583 1337 exprobrare3
610 1287 828 1337 mixtusque
847 1289 883 1326 δε
908 1287 1131 1327 miserabilis
1156 1287 1281 1326 suetus
1306 1301 1410 1327 nunc
1432 1290 1518 1340 pri-

218 1357 327 1388 vatas
344 1347 581 1387 calamitates
596 1378 609 1394 ,
626 1360 730 1386 nunc
749 1347 947 1398 publicas,
974 1348 1260 1399 deplorantium
1275 1380 1286 1398 ,
1300 1349 1401 1401 ipsos
1421 1364 1519 1402 quo-

220 1424 298 1463 que
312 1411 506 1452 Romanos
527 1410 691 1449 hostium
711 1410 923 1450 infortunio
951 1410 1169 1451 illacrimari
1197 1422 1384 1463 coegerat.
1415 1414 1516 1454 Con-

218 1473 346 1520 sules,
363 1475 399 1513 δε
420 1472 488 1522 ipli
505 1484 631 1511 rerum
658 1471 912 1512 humanarum
946 1473 1117 1513 instabile
1142 1474 1266 1513 fatum
1294 1484 1516 1526 gementes,

221 1537 353 1577 severo
368 1544 498 1574 tamen
519 1535 627 1574 vultu
644 1535 761 1574 finem
781 1539 816 1575 &-
833 1536 971 1576 horum
995 1537 1196 1587 questuum
1213 1536 1494 1587 exspectabant.

277 1596 424 1637 XVIII.
439 1597 576 1636 Poenos
589 1597 667 1644 ubi,
683 1596 859 1636 lamentis
877 1597 1069 1648 paulisper
1087 1598 1316 1638 cessantibus
1330 1630 1342 1646 ,
1358 1612 1414 1638 res
1431 1598 1512 1650 ipsa

221 1661 297 1700 suae
325 1660 434 1699 sortis
462 1659 690 1698 admonuit:
723 1659 856 1698 urbem
885 1665 1140 1708 exarmatam,
1173 1661 1304 1710 copias
1329 1661 1516 1701 domesti-

222 1735 287 1761 cas
302 1720 443 1769 exiles,
460 1719 617 1759 sociales
641 1719 764 1758 nullas
779 1750 790 1767 ,
814 1733 862 1759 ne
883 1729 1037 1771 tempus
1059 1721 1217 1771 quidem
1240 1730 1306 1760 aut
1325 1721 1431 1771 spem
1446 1736 1513 1773 pa..

224 1783 429 1822 randarum
454 1782 528 1820 effe
546 1796 557 1830 ;
578 1784 710 1820 contra
737 1781 878 1821 liberos
900 1781 1009 1829 suos,
1028 1795 1156 1831 arma,
1185 1795 1315 1833 agrum
1341 1784 1380 1822 in
1407 1795 1518 1834 pote-

222 1846 313 1885 state
340 1844 532 1893 hostium,
558 1844 822 1884 Romanorum
851 1844 1026 1884 navalem
1057 1844 1347 1895 pedestremque
1367 1846 1516 1884 exerci-

218 1916 303 1946 tum
332 1906 372 1945 in
398 1905 543 1954 oculis,
569 1906 800 1947 Masinissam
821 1907 860 1945 in
882 1907 1062 1946 lateribus
1079 1938 1089 1956 ,
1112 1917 1358 1957 reputantes;
1380 1909 1512 1948 omissa

220 1970 367 2009 invidia
402 1968 672 2019 tumultuque,
700 1969 858 2008 infirmis
898 1969 1142 2008 adversorum
1175 1968 1339 2015 solatiis,
1371 1969 1511 2009 iterum

219 2033 270 2073 ad
286 2044 417 2083 preces
430 2031 686 2082 confugerunt
701 2046 711 2080 3
727 2034 782 2080 δε,
798 2034 864 2084 qui
885 2032 1127 2083 praesentium
1143 2030 1398 2070 nobiliffimus
1414 2044 1508 2080 erar,

217 2096 361 2135 Hanno
378 2103 638 2144 cognomento
655 2093 774 2133 Gillas
787 2125 798 2140 ,
814 2094 1015 2144 impetrata
1038 2093 1193 2132 dicendi
1211 2093 1322 2132 venia
1334 2124 1346 2139 ,
1362 2092 1413 2131 ita
1431 2105 1509 2132 coe-

220 2159 303 2209 pit:
333 2157 511 2208 Siquidem
529 2155 648 2206 iifilem
668 2158 710 2193 de
731 2157 830 2194 rebus
853 2157 971 2194 iterare
989 2156 1177 2208 sermonem
1189 2155 1257 2207 fizs
1277 2156 1344 2208 est,
1361 2170 1431 2194 non
1446 2170 1509 2208 ego

218 2223 260 2258 de
279 2219 357 2273 jure
379 2219 554 2271 vobiscum
579 2219 785 2256 contendam
798 2248 808 2265 ,
823 2219 976 2256 Romani
988 2234 1000 2266 ;
1027 2232 1106 2255 nam
1122 2219 1163 2255 id
1183 2217 1316 2269 quidem
1338 2218 1508 2269 intempe-

210 2284 339 2335 stivum
364 2281 408 2332 est
431 2280 588 2332 miseris:
612 2282 680 2332 sed
700 2293 835 2318 tantum
860 2281 1057 2334 ostendam,
1073 2281 1111 2331 fi
1135 2279 1367 2330 mifhrIcordia
1388 2279 1510 2318 velitis

215 2346 292 2392 uti,
310 2344 403 2382 nihil
415 2355 534 2396 praeter
553 2342 724 2380 rationem
741 2353 845 2397 atque
866 2343 1022 2381 decorum
1038 2340 1198 2393 fizHuros
1213 2339 1286 2392 ff.
1316 2341 1397 2378 Nos
1417 2341 1507 2377 enim

213 2513 238 2545 Α
262 2470 282 2509 G
310 2469 625 2514 XV1.Liv,Epit.
655 2467 779 2505 Zonar.
814 2467 1129 2524 Appian.Diodor.
1163 2468 1186 2512 §
1220 2467 1329 2503 xvu.
1365 2466 1509 2505 Diodor.

246 2516 360 2558 ppian.
