1673 3052
306 189 841 237 HISTORIARUM
879 192 1003 239 [ΑΒ.
1039 191 1178 238 XLV.
1302 208 1396 254 2¹9

103 295 240 360 dique
265 295 514 344 exercitum
540 307 843 343 contraxerat.
872 297 937 344 lbi
969 299 1019 346 &
1040 296 1239 344 Romani
1259 298 1396 344 Solo-

103 368 299 417 vettium
337 368 496 416 ducem
537 369 779 415 Gallorum
820 368 1049 434 Synnadis
1089 368 1309 427 allocuti,
1346 371 1401 418 &J

104 442 278 490 Attalus
307 459 411 490 cum
439 441 501 489 eis
524 440 779 508 pmfe&115;
804 442 876 489 sed
906 442 1046 490 castra
1063 442 1304 490 Gallorum
1329 442 1398 490 in-

101 527 223 563 trare
256 533 358 563 eum
383 532 480 563 non
506 515 706 579 placuit,
734 533 790 562 ne
820 516 958 563 animi
987 533 1043 563 ex
1071 516 1396 579 disceptatione

101 587 402 638 irritarentur.
438 590 487 636 P.
520 588 723 635 Licinius
750 604 853 635 cum
886 588 1046 653 regulo
1068 589 1311 636 Gallorum
1338 589 1400 637 est

102 663 314 719 locutus,
342 662 616 727 retulitque,
651 661 927 709 ferociorem
962 679 1067 709 eum
1109 663 1398 726 deprecando

97 735 296 796 facium:
318 749 368 783 ut
392 736 555 783 mirum
585 733 730 781 videri
750 734 922 797 poffet,
946 734 1064 782 inter
1091 746 1180 782 tam
1202 736 1400 799 opulen-

103 821 178 857 tos
205 826 355 874 reges,
373 808 656 857 Antiochum
685 808 1101 873 Ptolemaeumque,
1132 822 1303 857 tantum
1331 810 1399 857 le-

102 896 314 948 gatorum
350 886 668 930 Romanorum
703 882 847 929 verba
887 882 1099 940 valuiffe,
1135 895 1184 929 ut
1224 897 1401 932 extem-

102 959 186 1022 plo
214 975 370 1022 pacem
391 957 618 1014 facerent3
651 956 772 1020 apud
797 955 957 1003 Gallos
987 955 1154 1003 nullius
1178 956 1400 1004 momenti

102 1030 247 1078 fuisse.

168 1106 370 1153 XXXV.
398 1106 594 1151 Romam
624 1103 819 1166 primum
844 1118 970 1166 reges
993 1101 1190 1165 captivi,
1219 1103 1402 1151 Perseus

103 1179 156 1227 &
185 1180 402 1239 Gentius,
422 1180 470 1226 in
491 1178 733 1227 custodiam
755 1195 859 1225 cum
887 1177 1042 1225 liberis
1062 1178 1264 1235 abduffi3
1295 1180 1401 1227 dein

102 1253 235 1300 turba
270 1253 356 1300 alia
388 1253 681 1317 captivorum
714 1270 725 1299 :
756 1263 852 1298 tum
887 1251 1052 1314 quibus
1089 1252 1399 1299 Macedonum

103 1327 422 1374 denuntiatum
441 1339 559 1386 erat,
577 1341 627 1374 ut
647 1328 841 1374 Romam
862 1325 1095 1382 venirent,
1115 1323 1400 1387 principum-

103 1415 193 1460 que
216 1399 420 1447 Graeciae.
450 1399 631 1445 namxhi
659 1415 844 1463 quoque
866 1414 961 1444 non
984 1397 1128 1443 solum
1162 1397 1401 1460 praesentes

103 1470 244 1517 exciti
273 1483 425 1528 erant,
448 1470 520 1517 sed
541 1470 672 1517 etiam
691 1507 704 1527 ,
724 1470 754 1516 s1
775 1469 852 1532 qui
875 1469 994 1531 apud
1013 1485 1138 1532 reges
1165 1469 1250 1516 effe
1280 1469 1403 1516 dice-

103 1541 292 1600 bantur,
318 1541 455 1589 literis
484 1541 677 1588 arceffiti
710 1540 824 1588 sunt.
855 1539 1033 1587 Paullus
1060 1539 1152 1602 ipse
1179 1539 1280 1603 post
1308 1540 1402 1588 dies

103 1631 275 1678 paucos
297 1615 416 1679 regia
433 1632 552 1662 nave
570 1614 763 1679 ingentis
784 1613 1103 1679 magnitudinis
1117 1650 1129 1671 ,
1147 1632 1283 1677 quam
1304 1615 1403 1662 sex-

105 1687 252 1734 decim
275 1686 429 1735 versus
452 1704 684 1734 remorum
707 1687 921 1751 agebant,
950 1697 1112 1733 ornata
1131 1688 1400 1734 Macedoni-

103 1761 218 1809 nicis
248 1760 433 1824 spoliis,
459 1777 556 1808 non
580 1761 818 1825 insignium
845 1771 1018 1807 tantum
1050 1775 1304 1818 armorum,
1328 1760 1400 1809 sed

104 1834 240 1882 etiam
258 1835 486 1898 regiorum
506 1835 732 1882 textilium
747 1872 763 1892 ,
782 1833 976 1881 adverso
996 1831 1155 1879 Tiberi
1173 1833 1228 1879 ad
1242 1834 1402 1881 urbem

106 1908 170 1954 est
200 1907 462 1968 subvec'rus,
483 1909 723 1972 completis
743 1907 851 1971 ripis
882 1906 1071 1954 obviam
1092 1904 1226 1954 effusa
1243 1906 1403 1952 multi-

104 1980 278 2030 tudine,
305 1983 477 2029 Paucos
501 1982 601 2043 post
626 1981 718 2028 dies
739 1980 922 2029 Anicius
944 1981 992 2027 δε
1013 1977 1237 2025 Οξὶεινίιις
1270 1978 1402 2025 class'e

105 2052 182 2099 sua
208 2053 399 2102 advecti.
430 2055 597 2103 Tribus
621 2055 674 2102 iis
695 2054 907 2101 omnibus
937 2053 1141 2099 decretus
1168 2050 1230 2097 est
1257 2052 1313 2097 ab
1332 2051 1400 2097 se-

107 2139 219 2173 natu
242 2127 500 2191 triumphus
521 2147 532 2175 t
559 2126 911 2191 mandatumque
932 2127 993 2186 Q.
1014 2125 1163 2172 Caffio
1190 2125 1403 2188 praetori,

107 2214 212 2244 cum
236 2189 431 2247 tribunis
461 2190 604 2262 plebis
635 2217 692 2247 ex
719 2198 983 2252 auctoritate
1016 2200 1197 2245 Patrum
1225 2210 1399 2260 ageret,

45 2287 49 2289 “
105 2269 393 2332 rogationem
423 2271 478 2317 ad
499 2271 676 2333 plebem
708 2270 876 2318 ferrent
893 2306 906 2327 ,
926 2286 975 2317 ut
997 2270 1077 2327 iis,
1102 2285 1194 2331 quo
1223 2268 1294 2314 die
1321 2286 1401 2314 ur-

106 2340 208 2388 bem
249 2341 575 2404 triumphantes
611 2343 963 2400 inveherentur,
997 2341 1236 2404 imperium
1279 2341 1400 2389 effer.

105 2413 270 2460 Intacta
293 2412 465 2460 invidia
486 2414 634 2461 media
658 2414 756 2460 sunt
779 2415 858 2460 :ad
883 2414 1051 2460 summa
1070 2413 1210 2459 ferme
1241 2413 1399 2459 tendit.

104 2503 192 2536 nec
220 2488 273 2536 de
293 2488 468 2553 Anicii,
491 2505 574 2538 nec
596 2489 649 2535 <le
669 2488 852 2537 Octavii
879 2488 1112 2551 triumpho
1145 2487 1398 2535 dubitatum
