1673 3052
143 234 160 240 -
237 209 311 259 1N
353 202 1170 255 LOC.LIB.XLV11L1V.
1301 213 1396 261 277

110 330 201 358 nem
221 317 372 368 positis,
391 315 600 354 adventum
620 312 787 352 hostium
803 310 1008 361 exspeetat.
1033 309 1271 349 Concurrere
1290 305 1395 344 enim

106 380 221 428 illos,
244 382 280 420 δε
302 380 457 419 obviam
478 376 664 416 Romanis
676 375 818 420 ituros,
832 372 937 412 fama
962 370 1111 410 tulerat.
1136 367 1309 414 Deinde,
1327 365 1396 404 ubi

108 455 189 481 rem
217 441 359 481 diutius
393 438 492 479 trahi
525 437 631 477 videt
649 467 660 485 ,
691 436 806 474 motis
833 434 882 474 ab
913 435 1066 483 Aprone
1092 429 1243 476 castris,
1270 427 1396 478 AEgit·

107 514 199 541 nam
220 501 446 549 contendit,
465 501 501 540 δι
525 498 619 538 urbe
635 511 703 549 per
722 499 803 536 vim
828 494 998 546 potitus,
1020 492 1197 532 homines
1220 490 1261 527 in
1285 487 1396 528 servi-

106 571 231 603 tutem
265 562 427 614 redigit,
455 563 607 601 auft'ores
634 560 809 599 violandae
842 556 1028 611 legationis
1055 555 1189 594 vinflos
1209 551 1289 590 duci
1314 551 1395 589 Ro-

106 641 198 665 mam
218 625 339 675 J'ubet.
428 652 431 654 -

165 687 320 728 XXXI.
351 687 420 727 His
443 687 496 726 ita
521 685 645 737 gestis,
670 684 767 724 hosti
796 682 973 734 procedit
999 680 1154 720 obviam
1171 709 1182 725 ‚
1198 677 1267 716 ubi
1288 676 1396 725 Oxy.

108 747 260 787 biorum
287 750 528 797 juventutem
549 746 758 787 consedisse
782 751 992 795 acceperat.
1016 742 1078 782 Illi
1093 744 1174 791 jam
1195 740 1244 778 ad
1265 737 1397 778 homi-

107 822 203 848 num
231 809 349 849 millia
381 818 543 860 quatuor
563 816 856 854 convenerant,
887 805 1063 844 nondum
1093 801 1284 851 adjunctis
1313 799 1398 839 De-

107 871 308 920 ceatibus,
332 884 515 911 numerus
546 872 595 910 ad
623 868 887 910 sustinendum
919 864 1157 906 consularem
1183 856 1396 901 exercitum

109 948 298 987 perquam
333 936 505 988 exiguus.
558 933 624 973 sed
660 933 872 984 desperatio
906 931 1051 983 placari
1084 929 1278 969 Romanos
1312 924 1397 975 post

108 999 350 1039 commissum
370 999 411 1037 in
433 998 578 1049 legatos
600 997 748 1036 facinus
768 995 891 1048 posse,
907 995 946 1033 in
969 1006 1057 1033 eam
1076 991 1284 1032 amentiam
1304 988 1395 1027 ade·

107 1068 214 1112 gerat
237 1060 439 1108 efferatos,
468 1068 531 1109 ut,
558 1072 637 1098 non
665 1059 886 1109 exspeetato
913 1056 1106 1096 sociorum
1139 1052 1282 1093 auxilio
1300 1081 1312 1098 ,
1343 1049 1394 1089 ad

105 1135 276 1175 pugnam
302 1131 435 1162 contra
459 1123 655 1162 Romanos
686 1122 967 1172 egrederentur.
997 1113 1282 1157 Commovebat
1302 1124 1397 1151 con-

105 1183 227 1223 sulem
257 1183 424 1222 hostium
450 1183 635 1222 audacia:
667 1181 734 1221 sed
757 1180 865 1221 nulla
884 1181 1046 1220 omnino
1076 1178 1223 1228 ratione
1242 1173 1400 1214 temeri-

90 1254 229 1286 -tatem
250 1246 358 1285 istam
379 1244 448 1284 niti
468 1244 624 1292 videns,
644 1252 689 1282 ut
711 1253 791 1282 erat
811 1243 867 1282 vir
890 1240 1066 1281 militaris
1089 1239 1141 1278 rei
1165 1237 1334 1288 peritus,
1357 1236 1395 1275 &

107 1309 265 1360 ingenio
285 1308 447 1348 mirifice
465 1307 602 1359 sagax,
628 1315 730 1347 certa
753 1321 842 1346 cum
863 1306 928 1357 spe
948 1306 1116 1345 vicioriae
1146 1309 1278 1342 contra
1302 1299 1397 1339 edu-

106 1374 163 1412 cit
194 1372 344 1411 aciem:
381 1369 680 1420 cohortatusque
704 1383 774 1421 pro
798 1379 973 1420 tempore
1005 1364 1298 1414 militem-,lento
1313 1360 1398 1414 pasl

99 1433 147 1486 fit
174 1432 211 1471 in
239 1433 360 1486 hostem
390 1431 463 1480 iri‚·
497 1431 640 1478 deinde,
670 1432 729 1469 ubi
760 1432 916 1469 cominus
941 1441 1079 1468 ventum
1103 1428 1202 1479 effit,
1231 1423 1396 1463 acerrima

104 1494 315 1548 imprffone
339 1495 469 1534 turbari
493 1494 634 1547 hostium
661 1495 922 1546 antffignanm,
946 1491 1066 1541 jubet.
1099 1487 1281 1529 Salutaris
1311 1483 1397 1523 haec

105 1558 323 1599 admonitio
351 1556 439 1597 fuit.
471 1557 536 1597 vix
567 1557 733 1608 primum
759 1557 948 1607 impetum
977 1553 1098 1594 tulere
1124 1551 1277 1597 hostes,
1303 1547 1397 1587 inde

107 1621 228 1679 effusa
252 1622 346 1672 fuga
369 1620 584 1667 cesserunt,
604 1623 759 1670 jamque
777 1619 986 1667 Deceates‚
1004 1626 1050 1656 ut
1072 1616 1195 1655 serum
1220 1611 1303 1664 post
1322 1608 1398 1649 cla.

110 1684 202 1724 dem
215 1682 416 1732 auxilium,
427 1683 480 1721 ita
490 1681 729 1732 fugientibus
745 1695 823 1720 non
837 1681 972 1720 inutile
987 1679 1087 1731 praefi
1094 1678 1215 1723 dium,
1229 1675 1400 1715 aderant.

110 1747 211 1788 Cum
228 1744 287 1785 his
307 1758 461 1796 quoque
479 1745 661 1796 proelium
681 1746 876 1796 aliquanto
904 1744 1156 1797 pertinacius,
1174 1740 1238 1779 sed
1259 1744 1400 1778 eventu

107 1807 354 1858 fimi1e‚fuit.
382 1807 480 1848 Visti
500 1808 612 1859 seque
638 1810 673 1848 ὃς
700 1809 891 1848 civitatem
912 1808 1000 1847 fidei
1028 1808 1292 1847 Romanorum
1313 1811 1401 1850 per-

107 1869 255 1911 misere.
293 1868 435 1910 Consul
465 1882 514 1909 ex
541 1883 631 1920 agro
655 1878 768 1921 capto
792 1870 1005 1919 deditoque
1032 1880 1147 1918 quam
1167 1865 1295 1916 potuit
1317 1861 1399 1913 plu-

107 1934 252 1972 rimum
284 1931 502 1972 Masfiliensx
536 1932 684 1983 populo
717 1933 850 1973 dedit:
886 1940 1010 1982 utque
1037 1928 1227 1970 securitati
1261 1937 1399 1965 eorum

109 1995 226 2034 etiam
245 1994 286 2033 in
307 1995 498 2044 posterum
520 1994 756 2043 consuleret,
777 1996 908 2045 obsides
930 1995 1095 2046 Ligurum
1115 1992 1163 2029 ire
1186 1987 1398 2038 Maffiliam,

101 2057 271 2111 flatifijue
297 2058 505 2110 temporibus
521 2059 709 2108 permutari
733 2073 755 2096 a
774 2059 876 2110 suis,
901 2055 1117 2106 imperavit.

163 2118 338 2159 XXXII.
359 2118 472 2166 Juffis
496 2119 637 2158 deinde
663 2120 762 2158 tradi
787 2119 900 2159 armis
930 2117 1131 2166 omnibus,
1158 2117 1193 2155 δε
1225 2113 1275 2152 fic
1303 2123 1399 2151 con-

109 2181 214 2220 festo
241 2179 370 2230 beno,
396 2181 607 2220 exercitum
635 2181 863 2221 hibernandi
894 2180 1004 2221 causa
1030 2192 1097 2231 per
1123 2177 1266 2228 oppida
1295 2175 1402 2225 Oxy-

113 2244 266 2284 biorum
290 2244 579 2295 Deceatumque
607 2245 741 2284 divifit.
773 2247 822 2295 Q.
849 2245 1006 2295 Opimio
1035 2244 1083 2284 ad
1106 2241 1250 2281 bellum
1275 2238 1402 2289 profe-

111 2308 173 2346 sto
190 2336 201 2353 ,
223 2306 387 2345 Romam
421 2301 559 2346 iterum
588 2304 815 2347 Ptolemaeus
836 2307 1104 2347 Philometoris
1132 2304 1248 2342 frater
1268 2300 1398 2339 venit:

113 2366 340 2416 ostensisque
357 2367 619 2414 cicatricibus,
639 2367 730 2406 dolo
750 2369 872 2407 fratris
893 2368 930 2407 se
945 2368 1107 2418 petitum
1124 2364 1259 2411 arguit,
1279 2361 1402 2400 multa

112 2435 195 2466 arte
222 2427 348 2467 Patres
376 2429 425 2467 ad
458 2428 831 2469 commiserationem
859 2430 932 2470 suae
958 2430 1089 2477 sortis,
1112 2431 1148 2468 ok
1173 2425 1406 2473 odiunrfrae

154 2533 179 2578 s
207 2532 319 2570 XXX.
340 2533 461 2580 1³01yb.
483 2535 506 2580 5
527 2535 651 2572 xxm.
674 2535 794 2582 Polyb.
816 2535 911 2571 Lx-vn
927 2537 1075 2629 Epiro}

1096 2600 1121 2647 3
