1673 3052
218 185 331 247 ¹IN
369 184 536 231 LO‘C.
581 184 716 230 LlB.
757 184 977 230 XLVII
1028 183 1162 230 LIV.
1308 185 1392 233 281

113 293 256 337 Annius
274 292 349 333 -T..
369 291 410 332 F.
445 291 491 331 T.
529 291 578 330 N.
608 290 748 330 Luscus
779 291 917 338 erant)
947 298 1036 330 ante
1067 290 1170 330 diem
1199 290 1393 331 Kalendas

114 343 306 405 januarias
343 352 435 392 inire
474 352 730 404 magistratum
766 352 949 403 placuit:
991 365 1081 392 curn
1115 361 1272 392 eatenus
1308 354 1400 394 Idus

113 416 259 456 Martia:
281 413 458 455 solemnis
488 414 522 453 ei
548 415 706 464 negotio
736 414 816 453 dies
844 412 1008 454 fuissent.
1037 414 1083 453 T.
1100 414 1245 454 Annius
1272 415 1401 456 Gallos

110 479 234 529 (nam
261 479 296 517 ἃ
323 476 351 515 ii
378 476 418 514 in
452 477 569 515 armis
595 477 727 529 erant)
757 476 996 526 provinciam.
1025 475 1197 516 habuisse
1220 478 1399 520 videtur:

113 537 291 578 Nobilior
319 536 360 575 in
388 536 624 584 Celtiberos,
648 539 710 588 qui
735 537 830 578 Belli
855 538 1181 588 cognominantur
1197 570 1207 587 ‚
1236 541 1288 579 est
1313 554 1400 591 pro-

113 601 250 642 fec'tus.
286 598 348 641 Ilii
384 599 623 639 tumultuum
654 614 721 651 per
742 600 966 651 Hispaniam
1003 604 1176 641 auetores
1208 604 1401 654 Segedam

117 661 364 708 incolebant,
389 661 527 701 urbem
555 675 737 713 magnam
763 664 797 702 Sc
833 661 1059 713 opulentam
1076 693 1086 710 ,
1116 677 1231 714 quam
1264 666 1404 705 foederi

114 714 183 766 suo
215 726 274 765 Ti.
309 724 504 764 Gracchus
528 755 540 772 ‚
569 737 659 763 cum
689 724 914 775 Hispaniam
948 726 1141 766 ordinaret
1160 757 1171 775 ‚
1197 727 1406 779 adscripse-

116 776 187 829 rat.
216 782 302 826 Eam
328 792 438 835 tum,
462 787 604 826 coac‘iis
630 785 799 825 deserere
821 786 969 826 minora
994 787 1137 838 oppida
1162 788 1313 839 incolis,
1335 805 1405 830 au-

117 846 259 898 ‘gebmt
284 847 460 894 barbari,
490 861 717 898 murumque
743 848 950 888 stadiorum
976 850 1228 900 quadraginta
1253 853 1402 892 circum

120 910 381 953 exstruebant:
408 911 524 949 etiam
548 910 707 959 Titthis‚
724 911 849 949 vicina
872 920 986 961 gente
1002 942 1014 960 ,
1035 912 1076 951 in
1101 914 1263 953 eandem
1292 928 1407 954 com-

118 972 244 1025 pulsis.
297 974 432 1023 Neque
470 986 600 1023 parere
638 972 783 1013 senatui
819 965 1050 1022 voluerant,
1089 978 1234 1016 vetanti
1270 981 1403 1019 novari

122 1037 350 1091 quidquam,
373 1035 592 1087 tributaque
609 1039 643 1078 ἃ
662 1038 864 1078 auxiliares
888 1040 1019 1090 copias
1035 1040 1251 1090 imperanti.
1285 1045 1408 1095 Quip-

121 1115 172 1154 pe
188 1100 311 1154 findere
337 1103 544 1141 Gracchano
564 1103 792 1156 perscriptum
817 1104 952 1155 quidem
980 1102 1192 1143 asserebant
1208 1136 1219 1154 ‚
1240 1122 1283 1145 ne
1306 1109 1408 1146 urbes

122 1177 240 1202 novas
256 1165 463 1217 conderent:
496 1176 625 1202 veteres
650 1165 734 1217 quin
767 1165 997 1216 instaurarent
1024 1168 1259 1221 munirentque
1277 1200 1289 1217 ‚
1317 1171 1412 1209 m‘lu'l

122 1239 296 1279 exceptum
307 1243 324 1275 ,·
345 1227 547 1266 tributorum
562 1241 641 1266 vero
662 1229 698 1267 δ’
710 1227 843 1266 militia:
862 1229 1080 1268 vacationem
1096 1231 1140 1269 ab
1161 1232 1238 1284 1⁴pr
1254 1234 1407 1285 senam,
1423 1252 1427 1255 ·

117 1287 195 1342 post
210 1288 355 1326 Gracchi
365 1287 510 1340 fedus,
526 1290 670 1328 datam:
691 1302 816 1340 neque
838 1290 968 1331 aberat
986 1290 1062 1330 hoc
1081 1305 1101 1330 a
1122 1305 1235 1342 vero,
1248 1293 1349 1333 sed
1339 1308 1410 1334 im

122 1348 285 1389 munitas
308 1350 375 1389 ista
401 1362 489 1389 cum
514 1363 535 1389 a
561 1350 692 1391 senatu
728 1353 982 1400 conceditur,
1006 1354 1098 1393 addi
1120 1353 1267 1406 semper
1291 1355 1410 1404 solet,

124 1413 340 1459 mansuram,
359 1404 466 1451 donec
475 1413 618 1466 senatui
634 1403 830 1465 populoque
852 1417 1013 1453 Romano
1035 1415 1210 1454 videatur.

177 1473 382 1516 XXXVII.
422 1473 468 1513 Et
496 1473 720 1524 Segidenses
756 1476 940 1524 quidem,
961 1478 1119 1527 cognito
1150 1478 1315 1518 consulis
1345 1481 1412 1519 ad-
1424 1519 1427 1520 γ

126 1545 242 1576 ventu
269 1537 487 1589 copiisque,
508 1550 598 1578 nam
619 1538 668 1576 ad
696 1538 850 1589 triginta
869 1537 1074 1578 hominum
1098 1540 1219 1580 millia
1245 1543 1412 1582 adduce-

126 1598 217 1647 bat,
235 1599 321 1649 quia
352 1599 527 1638 nondum
550 1599 766 1650 permunita
796 1599 884 1639 urbs
907 1609 1014 1647 erat,
1041 1601 1089 1640 ad
1113 1602 1302 1641 Arvaccos
1321 1615 1411 1644 cum

127 1660 307 1700 uxoribus
333 1663 368 1702 δι
390 1661 518 1702 libetis
534 1660 795 1713 perfugerunt.
822 1663 1000 1711 Arvacci,
1017 1664 1192 1713 protinus
1217 1664 1414 1705 consocia-

124 1725 183 1766 tis
206 1725 366 1772 viribus,
388 1725 484 1766 Caro
511 1726 710 1778 Segedenfi
733 1725 922 1767 summam
952 1740 1077 1766 rerum
1106 1725 1307 1776 deferunt,
1330 1730 1412 1769 viro

127 1786 275 1827 bellicis
296 1789 566 1829 certaminibus
579 1789 810 1828 exercitato:
839 1790 901 1838 qui
924 1789 1103 1839 proximo
1119 1789 1239 1828 statim
1255 1790 1385 1830 triduo
1399 1821 1411 1839 ‚

131 1860 222 1888 cum
250 1850 318 1889 iter
345 1850 472 1889 facere
503 1858 638 1900 praeter
663 1850 749 1890 loca
786 1850 929 1889 insidiis
964 1859 1183 1900 opportuna
1215 1849 1414 1891 Romanos

134 1914 399 1964 comperisset,
419 1922 571 1965 captata
595 1916 815 1964 occasione,
832 1928 921 1954 cum
938 1915 1113 1965 peditum
1134 1914 1266 1965 viginti
1296 1914 1416 1955 milli-

120 1973 229 2022 bus,
257 1977 425 2027 equitum
448 1978 616 2028 quinque
642 1979 830 2029 impetum
861 1978 965 2018 fecit.
1001 1978 1085 2018 Post
1109 1991 1238 2017 acrem
1263 1979 1298 2017 ἃ
1327 1978 1415 2017 diu-

132 2044 288 2077 turnam
314 2053 480 2091 pugnam
508 2049 704 2080 vertuntur
731 2042 770 2080 in
796 2042 927 2092 fugam
957 2041 1120 2081 Romani
1145 2055 1154 2081 z
1193 2040 1415 2091 deletusque

133 2098 237 2140 foret
258 2102 459 2142 occidione
481 2106 691 2151 exercitus,
708 2105 745 2143 ni
767 2105 936 2155 equites,
953 2105 1000 2144 ad
1022 2104 1232 2144 custodiam
1255 2104 1417 2153 impedi-

134 2171 353 2202 mentorum
379 2165 499 2205 relicti
514 2196 525 2213 ‚
546 2178 713 2216 pugnam
736 2166 1073 2218 redintegraffent‚
1093 2167 1294 2218 postquam
1318 2167 1417 2205 inter

134 2223 409 2275 insequendum
445 2226 725 2268 Celtiberorum
762 2243 913 2280 quoque
949 2229 1121 2268 turbatos
1156 2228 1229 2267 effe
1263 2229 1417 2268 ordines

134 2287 493 2328 animadverterunt.
529 2291 655 2330 Noere
679 2292 838 2330 demum
868 2291 1119 2331 incumbente
1146 2290 1322 2340 proelium
1354 2291 1419 2328 di-

133 2358 302 2390 remtum
331 2349 406 2400 est,
434 2350 538 2391 haud
567 2351 642 2391 levi
673 2354 849 2403 utrinque
888 2355 1042 2393 damno.
1089 2353 1246 2402 Quippe
1271 2352 1416 2398 Carus,

134 2462 216 2541 Hsss
247 2464 406 2500 XXXVI
429 2465 504 2500 Liv.
525 2467 615 2512 Epit.
639 2468 780 2502 Caffiod.
802 2468 931 2502 Chron.
951 2469 1126 2502 Marianus
1150 2467 1189 2500 S
1181 2478 1243 2503 ot.
1271 2468 1419 2513 Appiam

172 2520 181 2540 1
200 2519 280 2553 pan.
