1673 3052
309 213 852 263 HISTORIARUM
885 215 1192 263 LIB.XL1H.
1290 226 1379 281 ως

105 332 180 370 tus
201 338 252 369 ea
274 322 336 369 est
355 323 401 370 in
422 321 630 370 Labeates
648 358 662 381 ‚
691 323 768 370 ubi
788 324 979 371 Gentius
1003 324 1228 388 regnabat.
1257 325 1381 370 Prae-a·

104 394 299 440 tereunti
322 393 528 457 frequens
557 393 808 452 castellum,
845 395 1134 441 Draudacum
1164 396 1380 453 nomine,

105 465 357 528 peritorum
383 465 562 528 quidafn
589 465 785 528 regionis
807 463 925 526 ejus,
957 468 1070 512 nihil
1091 469 1240 514 Oaeneo
1260 480 1380 529 capto

105 556 210 599 opus
232 537 330 602 eſjb,
358 538 418 584 ait
434 573 447 595 ,
474 540 559 604 nisi
579 543 626 585 in
641 541 836 603 potestate
856 537 899 584 δ’
917 541 1197 587 Draudacum
1201 542 1275 604 stt.
1304 560 1382 601 op-

97 613 324 671 portunius
340 615 463 658 etiam
480 616 692 658 adomnia
707 613 888 676 postetam
915 611 1001 674 effe.
1032 612 1232 659 Admoto
1253 630 1381 659 exer-

106 679 227 739 citu,
251 698 408 729 omnes
429 683 657 745 extemplo
680 684 942 730 dediderunt
967 684 1067 732 sese.
1097 686 1199 744 Qua
1217 685 1290 747 spe
1309 702 1382 731 ce·-

104 752 268 800 leriore
287 755 515 802 deditione
544 758 741 813 erectus,
772 756 1006 821 postquam
1038 757 1380 814 animadvertit,

102 841 298 891 quantus
317 829 502 892 agminis
529 828 594 876 sui
623 842 767 876 terror
792 830 923 887 esset,
952 829 1162 876 undecim
1194 830 1276 876 alia
1308 847 1382 876 ca-

103 901 226 949 stella
258 904 415 950 eodem
448 917 570 950 metu
602 903 650 949 in
682 904 945 965 potestatem
974 904 1148 967 redigit.
1188 903 1243 950 ad
1274 915 1384 966 per-4

101 991 242 1038 pauca
264 976 313 1022 vi
332 993 448 1040 opus
467 976 580 1034 fuit,
609 989 751 1024 cetera
778 977 1015 1024 voluntate
1050 977 1219 1023 dedita:
1252 979 1302 1025 &
1330 977 1379 1024 in

103 1048 172 1095 his
201 1050 368 1112 recepti
397 1049 521 1096 mille
547 1051 598 1098 &
626 1050 858 1113 quingenti
885 1050 1081 1112 dispositi
1116 1068 1197 1113 per
1227 1050 1389 1112 praefi··,

101 1122 174 1168 dia
201 1123 363 1172 milites
393 1125 603 1171 Romani.
639 1127 807 1188 Magno
836 1124 930 1170 usui
959 1126 1184 1172 Carvilius
1215 1126 1379 1188 Spole-

99 1196 221 1243 tinus
255 1210 348 1244 erat
379 1197 424 1245 in
462 1198 740 1260 colloquiis,
774 1197 999 1255 dicendo,
1036 1198 1146 1242 nihil
1178 1197 1225 1243 in
1258 1197 1380 1259 ipsos

99 1267 322 1315 saevitum.
363 1269 433 1315 Ad
458 1270 677 1315 anneum
709 1281 979 1330 perventum
1015 1269 1101 1327 est,
1131 1269 1256 1331 quod
1287 1268 1379 1313 fine

99 1340 214 1405 justa
247 1343 588 1405 oppugnatione
622 1342 719 1405 capi
759 1358 851 1388 non
885 1354 1092 1404 poterat;
1124 1344 1173 1389 ὅ(
1207 1340 1378 1402 majore

24 1470 31 1474 ,
100 1414 354 1477 aliquanto,
375 1432 506 1477 quam
528 1426 671 1463 cetera
687 1451 699 1472 ,
721 1414 983 1476 juventute,
1005 1419 1053 1463 δέ
1072 1416 1267 1464 validum
1289 1433 1379 1477 opq

100 1487 255 1549 pidum
283 1488 509 1535 moenibus
544 1501 651 1535 erat.
686 1490 735 1535 δι
762 1488 868 1534 hinc
904 1489 1044 1535 amnis
1076 1492 1256 1535 Artatus
1288 1505 1379 1534 no-

99 1559 246 1618 mine,
282 1560 390 1608 hinc
422 1577 554 1609 mons
579 1561 784 1624 praealtus
820 1564 870 1609 &
894 1562 1013 1608 aditu
1051 1561 1245 1608 difficilis
1278 1561 1376 1607 cin-

99 1633 244 1696 gebat.
275 1634 372 1682 haec
402 1634 520 1697 spem
557 1636 610 1682 ad
630 1635 912 1682 resistendum
942 1635 1178 1699 oppidanis
1199 1635 1377 1681 dabant.

98 1707 308 1766 Perseus,
342 1708 684 1756 circumvallato
721 1709 926 1772 oppido,
965 1724 1164 1771 aggerem
1193 1725 1216 1754 a
1252 1720 1375 1770 parte

95 1777 325 1840 superiore
355 1780 517 1828 ducere
550 1781 763 1838 instituit,
794 1780 920 1842 cujus
955 1780 1189 1828 altitudine
1218 1795 1375 1826 muros

38 1908 40 1910 η
97 1849 333 1912 superaret.
371 1855 495 1915 quod
534 1871 648 1917 opus
680 1855 785 1900 dum
818 1853 1076 1916 perficitur,
1109 1853 1275 1900 crebris
1305 1854 1375 1899 in-

96 1925 230 1970 terim
250 1925 445 1987 proeliis,
465 1926 624 1990 quibus
641 1944 721 1990 per
741 1927 1023 1974 excursiones
1043 1928 1092 1973 &
1110 1925 1277 1971 moenia
1299 1924 1373 1971 sua

97 1996 314 2059 oppidani
346 1999 633 2059 tutabantur,
667 2002 717 2048 &
752 2017 889 2063 opera
922 2000 1119 2046 hostium
1154 2000 1372 2061 impedie-

95 2069 234 2128 bant,
264 2087 421 2134 magna
452 2089 608 2119 eorum
641 2072 885 2119 multitudo
919 2073 1058 2120 variis
1097 2073 1262 2120 casibus
1292 2072 1372 2118 ab·

94 2142 240 2190 sumta
268 2143 350 2191 est:
383 2147 433 2192 &
452 2181 464 2204 ,
488 2147 565 2209 qui
595 2147 880 2209 supererant,
908 2148 1060 2193 labore
1090 2147 1251 2193 diurno
1285 2162 1372 2191 no·-

96 2216 343 2280 fturnoque
364 2220 412 2265 δε
429 2220 690 2266 vulneribus
707 2220 882 2267 inutiles
899 2234 1034 2266 erant.
1067 2221 1155 2268 Ubi
1177 2220 1370 2282 primum

93 2302 227 2348 agger
254 2287 472 2350 injunctus
500 2307 630 2337 muro
660 2291 760 2350 est,
786 2293 835 2338 &
868 2293 1035 2339 cohors
1067 2293 1182 2354 regia
1203 2327 1217 2350 ,
1254 2307 1370 2352 quos

94 2359 329 2406 Nicatoras
356 2362 611 2423 appellant,
644 2363 948 2424 transcendit,
981 2368 1028 2412 &⁷
1067 2364 1190 2410 scalis
1219 2363 1369 2409 multis

95 2431 226 2476 fimul
252 2433 449 2494 partibus
481 2436 673 2497 impetus
703 2437 750 2481 in
775 2438 928 2482 urbem
966 2439 1025 2482 est
1052 2437 1201 2483 factus.
1231 2435 1369 2497 puben

95 2517 165 2551 res
192 2518 349 2552 omnes
382 2505 601 2554 interfeffi
628 2506 753 2555 sunt:
786 2508 1000 2574 conjuges
1022 2508 1272 2573 liberosque
1290 2523 1366 2554 eo·-
