1673 3052
297 176 846 251 HtsTolztA'RUM
881 192 1007 250 ΠΒ.
1042 204 1176 251 xm.
1309 205 1372 269 67

79 304 270 352 aliorum
294 302 568 352 auxiliorum
597 305 923 368 praecesserunt.
959 306 1112 354 Minus
1145 306 1373 372 quingen-

79 391 152 424 tos
179 376 321 440 passus
343 376 398 423 ab
418 374 568 424 castris
591 377 800 435 aberant,
820 395 921 425 cum
944 378 990 424 in
1014 379 1255 442 conspefhi
1276 380 1371 428 fue-

79 468 128 498 re
154 451 353 498 hostium*
381 450 574 515 equites:
611 450 710 496 duae
731 450 811 496 alae
830 464 958 496 erant
979 466 1136 513 magna
1161 467 1217 497 ex
1243 463 1370 514 parte

79 523 343 583 Gallorum,
365 521 675 588 (Cassignatus
693 522 906 586 praeerat)
927 525 976 570 &
997 523 1112 569 levis
1134 536 1370 570 armaturae

77 611 262 645 centum
291 594 384 644 fere
419 599 470 645 &
498 595 828 661 quinquaginta
862 595 983 659 Mysi
1015 608 1090 641 aut
1123 596 1372 644 Cretenses.

80 670 302 729 Constitit
319 688 419 729 rex,
432 671 632 719 incertus
650 681 867 734 quantum
887 670 992 717 esset
1010 669 1219 716 hostium.
1238 673 1372 718 Duas

81 741 187 792 inde
218 761 275 792 ex
305 745 484 810 agmine
517 758 684 792 turmas
715 744 972 803 Thracum,
1011 744 1118 791 duas
1152 745 1372 792 Macedo-

81 832 218 876 num,
248 834 350 866 cum
381 817 498 864 binis
526 816 806 864 Cretensium
837 815 1108 864 cohortibus
1143 818 1191 864 ὅ(
1222 818 1371 865 Thra-

81 909 210 951 cum,
236 890 365 938 mifit.
396 891 650 949 Proelium,
685 906 787 937 cum
817 907 944 954 pares
977 907 1168 938 numero
1204 893 1370 954 effent,

81 983 229 1031 neque
250 965 306 1012 ab
329 965 414 1013 hac
443 978 521 1012 aut
546 965 623 1012 illa
652 977 778 1028 parte
807 982 932 1013 nova
967 964 1134 1012 auxilia
1157 964 1372 1014 subveni-

79 1051 182 1087 rent
200 1074 213 1097 ‚
243 1037 416 1085 incerta
445 1036 640 1084 vifitoria
668 1036 847 1085 finitum
875 1036 950 1085 est.
988 1039 1203 1086 Eumenis
1233 1039 1373 1089 ferme

79 1112 265 1177 triginta
290 1110 538 1168 interfecti3
563 1111 680 1159 inter
704 1127 822 1175 quos
844 1111 1124 1175 Cassignatus
1146 1113 1236 1160 dux
1258 1116 1373 1162 Gal-

81 1186 235 1235 lorum
262 1187 438 1236 cecidit.
473 1189 524 1236 &
554 1201 665 1235 tunc
703 1187 888 1252 quidem
925 1189 1105 1236 Perseus
1140 1191 1195 1236 ad
1225 1193 1374 1256 Sycu-

80 1261 197 1309 rium
224 1259 379 1324 copias
399 1261 592 1309 reduxit.
622 1259 805 1324 postero
833 1259 905 1307 die
931 1260 1049 1308 circa
1071 1263 1256 1309 eandem
1281 1265 1371 1312 ho-

81 1347 177 1382 ram
209 1334 255 1380 in
282 1334 474 1381 eundem
505 1333 661 1380 locum
688 1349 766 1380 rex
790 1334 945 1396 copias
973 1335 1209 1395 admovit,
1239 1338 1372 1400 plau-

84 1406 182 1454 stris
199 1423 302 1454 cum
320 1423 436 1470 aqua
455 1405 754 1469 sequentibus.
789 1424 890 1453 nam
912 1407 1155 1457 duodecim
1177 1411 1372 1461 millium

83 1480 284 1544 passuum
314 1478 390 1526 via
417 1479 568 1526 omnis
589 1480 680 1526 fine
707 1497 849 1544 aqua,
884 1483 932 1529 &
959 1481 1140 1544 plurimi
1171 1486 1375 1547 pulveris

84 1566 204 1600 erat:
235 1551 507 1617 affeEtosque
528 1552 623 1613 siti,
655 1554 685 1599 fi
715 1554 864 1617 primo
892 1553 939 1599 in
967 1555 1209 1619 conspefiu
1240 1559 1375 1607 dimi-

85 1626 277 1684 caffent,
298 1638 578 1689 pugnaturos
603 1625 728 1673 fuisse
757 1628 1011 1690 apparebat.
1036 1630 1153 1676 Cum
1174 1632 1374 1680 Romani

86 1697 304 1765 quiessent
320 1734 333 1757 ,
362 1700 629 1748 stationibus
650 1701 780 1748 etiam
815 1700 931 1747 intra
954 1702 1125 1748 vallum
1146 1705 1339 1752 reduffis
1358 1742 1373 1764 ‚

87 1774 196 1839 regii
231 1791 418 1838 quoque
451 1774 498 1822 in
532 1775 668 1822 castra
705 1775 905 1822 redeunt.
944 1777 1048 1822 Hoc
1082 1792 1162 1839 per
1195 1779 1377 1843 aliquot

89 1847 182 1894 dies
216 1847 454 1906 fecerunt,
486 1847 710 1910 sperantes
742 1848 863 1906 fore,
901 1860 950 1894 ut
980 1849 1176 1896 Romani
1202 1851 1376 1914 equites

88 1919 349 1966 abeuntium
372 1919 666 1966 novissimum
689 1937 847 1984 agmen
875 1921 1233 1983 aggrederentur.
1270 1924 1376 1970 inde

88 1991 334 2040 certamine
363 2002 469 2040 orto
486 2027 500 2051 ,
533 2011 633 2040 cum
655 1994 835 2058 longius
870 2012 892 2041 a
917 1994 1065 2040 castris
1085 2011 1163 2041 eos
1194 1996 1378 2042 elicuis-

90 2066 209 2122 sent‚
238 2063 365 2112 facile
381 2102 395 2121 ,
422 2065 579 2112 ubiubi
599 2066 735 2112 essent
752 2102 764 2124 ,
796 2066 837 2112 se
853 2103 864 2124 ‚
895 2066 975 2130 qui
995 2067 1196 2129 equitatu
1217 2069 1377 2117 &levi

91 2148 309 2184 armatura
331 2138 432 2201 plus
452 2139 654 2201 possent,
683 2139 986 2187 conversuros
1008 2140 1164 2190 aciem.

178 2210 332 2257 Lvffl.
373 2211 619 2275 'Postquam
669 2212 898 2276 inceptum
934 2228 1032 2260 'non
1077 2212 1378 2273 succedebat,

41 2313 45 2317 -
92 2279 231 2327 castra
268 2282 456 2345 propius
493 2283 667 2331 hostem
704 2286 856 2331 movit
894 2287 1090 2341 rexs&
1122 2302 1145 2330 a
1179 2285 1380 2347 quinque

92 2352 291 2399 millibus
339 2355 537 2416 passuum
581 2358 867 2404 communiit.
912 2358 1048 2412 inde,
1095 2356 1193 2402 luce
1237 2357 1380 2418 prima

93 2423 141 2469 in
185 2425 346 2471 eodem
368 2460 383 2484 ‚
420 2444 515 2490 quo
552 2428 756 2486 solebat,
793 2430 900 2475 loco
938 2429 1140 2490 peditum
1180 2428 1273 2474 acie
1307 2429 1382 2474 izi-'-

94 2495 284 2555 strufta,
320 2497 573 2563 equitatum
611 2516 795 2547 omnem
834 2501 1073 2563 levemque
1113 2507 1385 2549 armaturam

1030 2575 1130 2621 Ε).
