1673 3052
316 184 381 232 68
670 181 1239 259 T-ITILIVII

318 292 375 339 ad
407 289 545 338 castra
572 289 765 337 hostium
794 290 930 339 ducit.
963 290 1095 338 Visus
1121 293 1172 340 &
1193 291 1389 356 plurium
1414 291 1465 342 δε
1494 301 1607 356 pro-2

317 364 425 426 pior
452 363 586 409 solito
615 361 766 424 pulvis
791 363 1141 426 trepidationem
1171 364 1219 411 in
1252 365 1401 412 castris
1432 367 1606 412 Roma-a

319 436 387 483 nis
424 435 548 484 fecit.
589 438 645 482 Et
680 436 831 499 primo
872 436 953 483 vix
993 437 1212 485 creditum
1250 437 1474 485 nuntianti
1513 437 1607 496 est,

316 508 426 572 quia
455 509 684 571 prioribus
710 509 939 558 continuis
967 510 1122 558 diebus
1143 528 1374 576 nunquam
1397 523 1498 558 ante
1520 511 1606 557 ho-

315 600 409 631 ram
453 596 653 646 quartam
699 583 840 630 hostis
877 597 1157 647 apparuerat.
1202 598 1300 633 tum
1336 586 1440 634 solis
1475 598 1605 634 ortus

314 668 423 702 erat.
460 656 642 702 Deinde
662 667 710 702 ut
741 656 937 718 plurium
966 656 1165 704 clamore
1186 657 1386 705 &cursu
1405 675 1430 704 a
1458 657 1606 721 portis

315 728 541 775 dubita-tio
576 739 754 776 exemta
790 728 883 786 est,
923 731 1145 777 tumultus
1182 730 1340 795 ingens
1377 729 1606 783 oboritur.'

313 802 508 860 tribuni,
535 799 846 865 praefeEtique‚
873 802 923 850 &
944 803 1232 850 centurIOnes
1252 803 1299 850 in
1317 803 1604 868 praetorium3

313 875 440 922 miles
458 874 511 920 ad
531 873 603 921 sua
625 872 811 937 quisque
830 876 1028 922 tentoria
1049 876 1272 924 discurrit.
1299 876 1450 924 Minus
1469 877 1605 940 quin-

313 962 474 1016 gentos
499 949 642 1011 passus
674 949 849 999 avallo
876 949 1143 999 instruxerat
1171 951 1347 999 Perseus
1379 950 1482 999 suos
1510 951 1604 1000 cir-

313 1044 365 1076 ca
394 1025 617 1073 tumulum
632 1060 647 1082 ,
671 1040 805 1088 quem
825 1025 1096 1073 Callicinum
1118 1038 1304 1074 vocant.
1335 1027 1479 1073 Laevo
1498 1043 1603 1075 cor·

314 1118 376 1148 nu
404 1101 556 1165 Cotys
586 1115 666 1145 rex
701 1114 891 1161 praeerat
923 1117 1026 1148 cum
1063 1100 1276 1148 omnibus
1305 1100 1392 1148 suae
1424 1100 1567 1166 gentis
1586 1118 1602 1149 :

313 1174 516 1240 equitum
538 1173 723 1220 ordines
752 1174 867 1221 levis
896 1186 1119 1223 armatura
1151 1176 1414 1240 interposita
1443 1175 1603 1225 distin-1

313 1251 489 1315 guebat.
525 1251 574 1295 ln
602 1248 766 1294 dextro
800 1262 945 1293 cornu
966 1247 1238 1294 Macedones
1261 1263 1384 1294 erant
1404 1247 1602 1313 equites:

311 1320 564 1370 intermixti
586 1319 744 1366 turmis
769 1335 927 1365 eorum
947 1319 1197 1366 Cretenses.
1223 1320 1342 1367 Huic
1365 1332 1605 1369 armaturae

312 1396 431 1444 Milo
452 1397 674 1442 Beroeaeus
688 1430 702 1452 ,
723 1393 946 1455 equitibus
964 1395 1013 1440 δι
1038 1394 1218 1442 summae
1239 1395 1376 1457 partis
1395 1394 1488 1457 ejus
1505 1398 1600 1443 Me-

311 1487 377 1518 no
394 1468 715 1534 Antigonensis
733 1480 932 1530 praeerat.
971 1467 1172 1515 Proximi
1196 1470 1411 1516 cornibus
1430 1469 1600 1517 consti-

309 1555 458 1591 terant
477 1542 589 1606 regii
612 1541 782 1604 equites
801 1576 814 1598 ‚
836 1541 885 1587 &
905 1539 1096 1587 mixtum
1120 1559 1259 1606 genus
1278 1578 1292 1600 ,
1308 1543 1474 1590 dele&a
1495 1544 1600 1606 plu·-

310 1615 429 1663 ‘rium
460 1615 663 1679 gentium
693 1614 884 1660 auxilia:
917 1614 1145 1661 Patrocles
1177 1614 1495 1679 Antigonensis
1523 1618 1600 1665 hie

311 1689 362 1736 &
381 1687 575 1735 Paeoniae
598 1686 832 1749 praefefitus
853 1684 997 1732 Didas
1017 1697 1145 1731 erant
1159 1686 1399 1749 praepofiti.
1420 1688 1599 1735 Medius

307 1761 515 1807 omnium
539 1776 617 1805 rex
641 1770 749 1805 erat.
773 1758 894 1805 circa
916 1773 1016 1804 eum
1046 1774 1197 1820 agema
1214 1794 1229 1817 ‚
1248 1759 1375 1821 quod
1398 1757 1570 1806 vocant
1579 1795 1598 1817 ,

309 1832 603 1895 equitumque
639 1830 772 1877 sacrae
803 1830 899 1876 alae.
939 1833 1058 1877 Ante
1088 1830 1129 1876 se
1161 1831 1312 1879 statuit
1341 1832 1599 1881 funditores

308 1903 685 1968 jaculatoresque:
707 1904 1106 1967 quadrigentorum
1126 1921 1283 1952 manus
1306 1917 1494 1968 utraque
1512 1920 1598 1952 nu·

307 1995 482 2025 merum
510 1978 781 2040 expleverat.
808 1978 967 2024 Jonem
984 1976 1426 2023 Thessalonicensem
1445 1977 1595 2025 &Ti-

306 2067 495 2098 manora
531 2052 767 2114 Dolopem
798 2050 850 2097 iis
890 2051 1103 2113 praefecit.
1140 2050 1198 2097 fic
1230 2050 1340 2114 regii
1376 2051 1594 2098 constite-

305 2135 417 2169 rant.
446 2122 652 2181 Consul,
681 2123 794 2169 intra
814 2123 983 2170 vallum
1013 2122 1215 2185 peditum
1239 2122 1334 2169 acie
1362 2122 1596 2181 instruffla,

306 2198 357 2244 &
387 2195 475 2258 ipse
505 2196 754 2258 equitatum
781 2212 963 2249 omnem
987 2213 1089 2243 cum
1110 2195 1200 2243 levi
1223 2208 1442 2242 armatura
1463 2196 1595 2244 misit.

307 2285 394 2333 pro
416 2268 537 2314 vallo
568 2267 767 2315 instruffi
794 2268 908 2314 sunt.
943 2269 1125 2319 Dextro
1150 2283 1298 2314 cornu
1329 2268 1593 2330 praepositus

307 2343 365 2391 C.
382 2341 580 2389 Licinius
601 2341 778 2388 Crassus
793 2378 804 2397 ‚
829 2341 1026 2389 consulis
1046 2340 1204 2399 frater,
1230 2358 1332 2389 cum
1355 2341 1482 2388 omni
1504 2344 1593 2388 Ita-

307 2416 401 2463 lico
422 2415 647 2478 equitatu,
669 2415 880 2463 velitibus
902 2414 1198 2461 intermixtis:
1223 2414 1398 2461 sinistro
1419 2416 1483 2461 M.
1505 2416 1594 2461 Va·

304 2487 437 2535 lerius
461 2489 671 2538 Laevinus
693 2488 922 2537 sociorum
946 2504 1003 2535 ex
1021 2486 1191 2538 Graecis
1210 2487 1391 2552 populis
1418 2488 1591 2552 equites
