1673 3052
300 167 383 216 {N
427 115 593 214 LgC.
635 166 777 214 LIB.
824 165 883 213 L.
939 166 1086 213 LIV.
1275 181 1368 235 355

87 273 212 327 Neque
231 274 319 314 enim
338 275 416 330 post
430 273 580 328 proftffiz
603 274 687 313 odia
701 305 713 322 ‚
738 275 963 325 deteHumque
990 275 1142 313 animum
1159 276 1286 329 ficum,
1300 277 1373 330 [ὶῶ

84 341 250 379 ditionem
286 339 500 391 crudeltffimi
529 341 619 393 regis
650 340 832 378 redituros.
880 338 937 379 Ita
967 338 1083 390 legati
1107 371 1119 388 ,
1149 349 1193 378 ut
1225 341 1290 390 qui
1323 340 1376 381 ad.

85 399 344 451 Bithynorum
367 401 449 440 istas
474 400 644 451 querelas
668 399 821 439 nullum
850 413 871 439 a
899 400 1031 440 senatu
1057 402 1286 442 mandatum
1311 411 1376 441 at-

85 462 254 503 tulerant
266 495 278 510 ,
292 463 407 503 rebus
429 465 569 503 eodem
586 464 626 502 in
641 463 737 503 statu
750 493 763 510 ,
778 476 854 513 quo
871 472 1107 514 repererant,
1123 464 1281 514 relictis,
1299 465 1375 505 dis-

85 525 283 566 cefferunt.

142 586 212 626 XI.
248 586 458 626 Destitutus
500 587 614 626 unica
648 582 713 637 spe
746 586 914 635 Prufias,
953 587 1062 637 cujus
1101 587 1242 627 fiducia
1276 587 1376 629 nihil

87 644 245 686 aliunde
274 648 435 699 praefidii
463 657 682 698 paraverat,
700 649 974 688 Nicomediam
1000 650 1196 700 perfugit,
1225 652 1378 692 munire

88 708 240 758 urbem,
259 713 295 751 &
308 741 320 759 ,
333 710 357 749 fi
373 710 529 750 veniffet
553 710 692 760 hostis,
710 711 806 752 ferre
830 712 1068 753 obfidionem
1087 723 1251 764 paratu&
1269 715 1377 756 Tum.

87 783 179 810 vero
198 773 304 812 vices
327 771 411 811 suas
435 771 548 822 plane
573 774 720 824 peregit
743 773 947 825 publicum
967 775 1129 824 odium3
1156 788 1375 828 apertaeque

88 835 139 874 ab
160 835 365 886 oppidanis
390 844 507 886 portae
529 836 790 876 Nicomedem
811 849 900 876 cum
927 839 1097 877 exercitu
1123 840 1375 881 admiserunt.

88 897 223 939 Prufiae
256 898 304 938 ab
342 899 547 948 omnibus,
572 899 690 939 etiam
724 899 861 950 servis,
896 902 1045 942 deserto
1080 903 1298 955 perfugium
1334 905 1377 945 in

88 963 213 1002 aedem
236 961 344 1010 ‘Jovis
377 961 476 1002 fuit:
503 961 569 1001 ubi
602 961 790 1013 religione
823 963 860 1003 se
893 973 1106 1015 tutantem,
1135 980 1250 1016 quam
1278 968 1378 1019 saepe

88 1023 319 1073 violaverat,
343 1023 497 1063 immiffi
521 1037 542 1063 a
567 1023 648 1063 filio
675 1025 909 1075 percussores
932 1028 1220 1068 interemerunt.
1245 1031 1378 1069 Ambi-

92 1099 175 1137 guae
199 1086 457 1126 aestimationis
487 1085 634 1135 scelus,
664 1098 706 1127 ut
731 1089 876 1129 nescias
894 1121 904 1138 ,
922 1101 1005 1129 uter
1036 1091 1152 1130 fuerit
1182 1093 1378 1143 deterior,¹

91 1149 157 1200 qui
179 1148 303 1189 filium
322 1148 538 1189 interficere
560 1149 704 1197 voluit,
723 1165 773 1190 an
795 1152 859 1203 qui
881 1154 997 1203 patris
1021 1154 1269 1203 parricidium
1295 1157 1374 1196 alio

91 1213 295 1264 parricidio
318 1212 422 1252 ultus
453 1212 515 1252 est.
545 1226 635 1253 cum
659 1215 763 1254 enim
790 1215 998 1265 cujuslibet
1027 1215 1196 1256 hominis
1219 1218 1378 1269 sangui-

91 1288 180 1315 nem
200 1275 370 1324 haurire,
390 1276 455 1315 nisr
478 1276 673 1325 iustillime
697 1277 784 1325 fiat,
802 1277 1058 1319 inhumanum
1085 1280 1152 1328 fit3
1181 1281 1296 1319 etiam
1320 1283 1384 1321 fe·-

90 1350 222 1378 rarum
252 1339 536 1378 immanitatem
564 1338 740 1389 superat,
765 1341 911 1390 eripere
941 1343 1083 1389 vitam,
1109 1344 1172 1382 cui
1198 1344 1379 1396 dederis,

91 1410 159 1441 aut
184 1415 206 1441 a
229 1414 305 1452 quo
334 1401 546 1451 acceperis„
567 1402 703 1452 Neque
733 1402 864 1441 mitior
895 1403 1036 1442 deinde
1057 1404 1098 1443 in
1127 1405 1261 1446 fratres
1287 1407 1375 1448 fuit.

93 1477 257 1515 quorum
283 1477 382 1504 unus
412 1463 653 1514 cognominis
677 1464 795 1514 patri,
822 1477 905 1503 raro
927 1474 1072 1506 naturae
1097 1465 1181 1506 lusu
1208 1481 1276 1518 pro
1309 1469 1379 1509 su-

92 1526 243 1577 periore
267 1527 441 1567 dentium
468 1527 626 1573 ordine,
657 1539 698 1565 os
726 1539 844 1567 unum
871 1529 1102 1567 continuum
1128 1528 1179 1568 ita
1204 1529 1378 1572 habuisse

95 1589 259 1638 dicitur,
282 1597 326 1628 ut
342 1602 467 1639 neque
487 1588 641 1640 aspedlu
666 1588 877 1628 deformior
902 1589 1016 1638 inde,
1042 1604 1167 1642 neque
1190 1594 1240 1633 ad
1268 1594 1379 1636 usum

93 1651 262 1702 ineptior
288 1652 407 1692 fieret.

150 1713 243 1754 XII.
274 1714 463 1761 Cumhic
485 1712 776 1766 Bithynieatum
800 1727 927 1754 rerum
948 1714 1067 1754 status
1084 1715 1198 1764 esset,
1216 1717 1258 1756 in
1272 1719 1381 1769 Syria

97 1775 222 1816 nihilo
252 1777 405 1817 mitiora
427 1787 602 1828 tempora
616 1778 746 1826 fuere,
769 1790 858 1818 cum
881 1790 1010 1828 regem
1034 1778 1167 1818 inertia
1189 1778 1384 1822 socordia-

96 1853 172 1891 que
186 1840 317 1880 Prufiae
338 1840 574 1880 fimillimum
594 1840 763 1881 haberet.
789 1840 1002 1882 Alexander
1022 1842 1052 1880 is
1071 1842 1165 1889 fuit,
1180 1856 1295 1894 quem
1311 1859 1382 1896 pro

97 1903 177 1944 filio
198 1903 378 1943 Antiochi
401 1904 437 1944 se
461 1913 673 1955 gerentem,
694 1907 741 1944 ad
765 1918 922 1956 regnum
941 1905 1138 1946 Demetrio
1155 1915 1385 1958 extorquen-

100 1966 214 2014 dum,
229 1965 366 2017 Ephefi
389 1966 428 2006 se
451 1967 633 2018 paraviss'e
661 1967 842 2007 diximuss.
861 1969 957 2018 Quae
977 1967 1024 2007 ab
1051 1966 1117 2006 illo
1140 1977 1314 2020 tempore
1330 1969 1383 2008 se-

99 2037 189 2068 cuta
210 2027 318 2076 sunt,
341 2028 465 2068 donec
487 2030 564 2068 vita
593 2042 791 2080 regnoque
816 2029 1034 2069 Demetrius
1060 2039 1218 2079 exutus,
1243 2032 1290 2070 ab
1320 2033 1382 2070 in-

98 2089 228 2130 stituto
255 2091 412 2130 minime
438 2085 607 2131 alienum
630 2092 683 2130 est
707 2103 909 2141 exponere.
936 2091 1175 2132 Demetrium
1204 2092 1318 2133 luxus
1346 2096 1385 2134 δε

99 2151 283 2199 ebrietas,
305 2163 378 2201 qua
402 2154 548 2201 majore
576 2152 651 2191 diei
675 2161 779 2203 parte
798 2151 1019 2201 laborabat,
1046 2167 1168 2204 neque
1186 2154 1309 2193 minus
1330 2156 1389 2194 vi-

99 2213 199 2252 tium
223 2212 419 2263 superbia,
449 2215 617 2254 invisum
646 2214 719 2254 suis
748 2215 1004 2254 reddiderant.
1037 2217 1137 2256 Num
1166 2220 1202 2257 Sc
1227 2218 1387 2268 conspe·

102 2276 209 2315 &um
235 2273 288 2313 sui
317 2275 465 2325 populo
496 2277 714 2326 denegans,
739 2277 854 2315 vitam
882 2276 1019 2328 agebat
1056 2277 1095 2316 in
1122 2280 1249 2329 regia,
1270 2292 1386 2329 quam

146 2387 168 2427 S
192 2389 233 2420 X.
260 2387 334 2421 Liv.
363 2389 453 2434 Epir.
480 2392 568 2424 Plut.
599 2392 633 2423 in
664 2391 796 2425 Catone
823 2394 940 2436 major.
972 2409 999 2430 c.
1027 2396 1078 2427 16.
1102 2396 1247 2439 Appiam.
1281 2398 1302 2439 (ξ
1329 2396 1391 2430 Χῖ.

105 2428 224 2480 Jnstin.
250 2443 303 2474 34,
327 2446 359 2477 4.
383 2436 487 2472 Diod,
509 2437 532 2470 1.
561 2446 599 2481 32
615 2460 622 2469 .
642 2435 790 2482 Appiam.
814 2439 889 2473 Val.
911 2439 1004 2474 Max.
1033 2452 1045 2472 1
1063 2468 1071 2481 ,
1092 2440 1123 2474 S.
1154 2441 1239 2475 l'hn.
1260 2451 1279 2482 7
1297 2466 1308 2485 ,
1333 2443 1389 2482 16,-

100 2473 179 2510 Lrv.
205 2476 294 2524 Egit.

135 2540 137 2544 ·
996 2537 1032 2583 Z
1080 2553 1110 2585 2.
