1673 3052
283 184 361 231 IN
400 184 564 231 LOC.
610 185 744 258 LIR.
792 185 896 230 L11
963 185 1095 231 LIV.
1271 201 1365 247 429

74 290 182 342 quod
211 290 420 331 Zabdielus
443 289 489 329 ad
518 302 605 328 eum
632 289 790 329 miserat.
817 291 854 330 id
872 303 961 342 ergo
986 289 1120 331 sumtae
1138 289 1185 330 ab
1202 290 1361 330 inimico

75 352 235 393 ultionis
261 354 431 404 imagine
455 351 688 403 postremum
715 351 922 403 exspiranti
946 352 1124 392 solatium
1157 353 1359 404 gaudium-

76 428 154 466 que
179 415 268 454 fuit.

144 476 299 517 XLVII.
331 475 523 515 Graculum
548 475 588 513 in
614 475 742 515 Cilicia
761 477 874 529 paulo
895 489 976 515 ante
994 478 1086 516 hanc
1113 479 1364 530 expeditionem

71 540 120 579 'ab
145 539 316 592 Apolline
339 537 559 590 Sarpedonio
583 536 684 591 (five
709 537 840 577 Dianae
871 538 1001 590 potius
1028 536 1104 577 hoc
1130 551 1365 590 cognomen-

72 608 115 640 to
142 600 278 639 fanum
303 599 403 647 fuit)
431 599 602 637 redditum
630 599 841 637 Alexandro
867 599 1032 646 dicitur,
1064 612 1196 639 caveret
1225 600 1363 650 locum,

73 663 134 702 ubi
149 661 307 716 biformis
331 661 409 714 fft
429 663 556 700 editus.
576 661 663 699 Hac
682 662 823 715 ambage
831 662 1060 715 fignificatas
1080 664 1185 702 Abas
1201 670 1363 714 putant,

71 725 134 763 ubi
155 736 245 763 nata
267 725 420 777 quaedam
446 724 583 762 Herais
601 723 714 776 fiterit
731 755 743 772 ‚
771 738 846 777 quae
872 726 987 777 postea
1012 737 1146 763 mutato
1171 739 1245 763 cum
1268 727 1362 779 sexu

70 785 207 824 nomine
230 785 485 837 Diophantus,
512 798 558 822 ex
579 785 654 823 acie
680 799 755 822 cum
780 785 995 823 Alexandro
1023 786 1060 823 in
1082 787 1239 837 patriam
1256 789 1360 840 fitam

71 847 246 901 reficgerit.
263 847 498 893 Demetrius,
515 846 781 887 obvidtoriam
802 850 1036 900 cognomine
1058 849 1248 890 Nicatoris
1262 864 1281 890 a
1294 852 1360 902 Sy-

69 908 120 946 ris
146 906 378 956 honoratus,
404 909 567 945 m'ortem
594 908 758 947 duorum
778 921 912 960 regum
927 910 967 949 in
990 910 1229 951 occasionem
1252 911 1359 953 suam

71 969 260 1009 convertit
274 963 430 1017 ‚nihilo
453 969 573 1020 magis
587 970 633 1008 iis
654 983 813 1020 parcens
829 1002 840 1018 ‚
858 972 921 1022 qui
942 974 983 1011 in
1001 972 1135 1012 iisdem
1153 973 1328 1024 partibus
1344 1005 1356 1023 ,

71 1044 186 1081 quam
205 1031 325 1081 quiin
345 1029 506 1070 adversis
531 1031 719 1070 steterant.
747 1031 871 1071 statim
889 1033 991 1075 enirn
1012 1035 1047 1073 Sc
1071 1034 1228 1082 auxilii,
1249 1036 1356 1085 quod

69 1105 93 1130 a
120 1090 324 1130 Ptolemaeo
347 1098 572 1140 acceperat,
601 1093 637 1131 Sc
663 1104 777 1141 quam
802 1103 892 1131 cum
916 1105 962 1132 eo
986 1102 1252 1142 contraxerat,
1278 1095 1357 1134 affi-

68 1153 199 1191 nitatis
218 1150 362 1190 oblitus
376 1181 387 1198 ‚
403 1152 584 1190 exercitui
608 1153 691 1201 ejus
714 1152 864 1192 infidias
877 1153 1015 1193 struere
1038 1156 1178 1206 coepit:
1202 1156 1355 1206 passim-

67 1227 145 1265 que
169 1214 337 1264 praefidia
357 1213 627 1264 AEgyptiorum
654 1227 673 1253 a
695 1216 917 1255 civitatibus
938 1216 1025 1256 sunt
1046 1218 1256 1258 interfeeta.
1282 1219 1356 1258 Re-

59 1275 184 1325 >liquat
208 1275 330 1324 copiae
361 1273 632 1314 Alexandriam
659 1275 696 1315 se
725 1289 930 1327 recepere,
955 1278 1096 1319 relidtis
1123 1288 1253 1319 tamen
1281 1281 1356 1321 ele-

66 1336 247 1388 phantis,
274 1348 369 1386 quos
394 1336 610 1376 Demetrius
628 1337 742 1388 cepit.
771 1337 1020 1379 Alexandrini
1044 1341 1201 1381 fratrem
1219 1343 1355 1381 exstin-

66 1401 118 1440 &i
144 1400 242 1450 regis
256 1431 266 1448 ‚
290 1398 527 1451 Physconem
545 1409 806 1450 cognomento
823 1432 833 1451 ,
851 1401 1008 1453 Cyrenis
1021 1431 1034 1448 ,
1058 1403 1123 1440 ubi
1145 1406 1351 1454 regnabat,

67 1461 282 1502 arceffitum
309 1462 462 1513 AEgypti
487 1475 604 1512 regno
630 1462 850 1512 praeficiunt.
893 1463 995 1513 quod
1023 1463 1143 1503 homo
1175 1465 1351 1506 omnium

66 1523 400 1563 facinorofiffimus
431 1535 498 1573 per
523 1536 642 1562 annos
671 1524 891 1573 quindecim
908 1553 919 1572 ‚
946 1524 1084 1574 quibus
1111 1525 1350 1567 Alexandriae

62 1586 260 1636 regnavit,
278 1585 454 1624 maximis
478 1585 654 1635 implevit
684 1584 979 1624 calamitatibus.

120 1647 295 1688 XLVIII.
330 1648 431 1687 Nam
454 1650 592 1687 eodem
617 1648 698 1696 die,
725 1661 798 1698 quo
825 1649 873 1687 ad
896 1648 1165 1699 accipiendum
1188 1663 1351 1702 regnum

63 1708 332 1751 Alexandriam
359 1710 586 1758 intraverat,
616 1710 759 1749 multos
789 1723 834 1749 ex
859 1712 1125 1761 principibus,
1154 1726 1250 1763 quos
1275 1715 1352 1754 fra-

14 1781 15 1784 ’
63 1770 130 1808 tris
157 1769 236 1808 filio
262 1769 389 1807 favere
415 1779 674 1820 cognoverat,
696 1770 899 1810 interemit.
925 1771 1080 1821 Nuptiis
1108 1772 1249 1812 deinde
1265 1786 1350 1813 ma-

62 1831 130 1870 tris
161 1833 242 1880 ejus
279 1830 515 1881 Cleopatrae,
547 1844 663 1881 quam
694 1830 861 1870 sororem
889 1831 1018 1880 suam,
1044 1833 1170 1872 fratris
1194 1833 1348 1874 alterius

61 1893 219 1932 viduam
233 1923 245 1939 ,
260 1892 507 1932 matrimonio
522 1893 589 1931 fibi
612 1893 816 1943 jungebat,
840 1893 965 1944 ipsum
990 1907 1143 1944 quoque
1163 1908 1349 1946 puerum,

61 1969 154 1995 mox
180 1955 335 1995 illorum
365 1955 504 2004 etiam,
534 1968 555 1994 a
587 1955 728 2006 quibus
754 1964 912 1995 vocatus
940 1956 979 1995 in
1004 1969 1164 2007 regnum
1192 1958 1345 2008 fuerat,

63 2018 242 2068 quotidie
268 2016 410 2056 multos
436 2018 594 2057 occidit.
622 2018 724 2058 Hinc
743 2018 979 2058 exacerbatis
1004 2020 1178 2058 omnium
1196 2021 1345 2069 animis,

66 2080 236 2129 odioque
262 2079 372 2118 limul
397 2092 441 2119 ac
468 2074 574 2119 inetu
594 2081 720 2131 aegris,
746 2080 862 2132 vulgo
883 2082 961 2129 jam
989 2080 1136 2120 occasio
1164 2082 1345 2121 deficien-

61 2141 101 2179 di
128 2140 507 2191 circumspiciebatur
535 2156 545 2182 ς
579 2142 769 2193 plenaque
799 2143 955 2190 omnia,
979 2142 1076 2181 inter
1104 2141 1270 2181 infensos
1307 2146 1343 2182 δε

61 2201 278 2253 suspectos,
307 2202 532 2243 diffidentiae
559 2207 594 2244 &
617 2205 758 2243 irarum
789 2213 911 2243 erant.

78 2343 83 2348 .
112 2319 136 2362 5
165 2318 286 2352 XLVI.
317 2319 493 2352 Eusebius.
516 2318 654 2363 Joseph.
685 2319 793 2353 strab.
818 2321 841 2353 1.
868 2320 920 2353 16.
940 2319 1043 2352 Diod.
1076 2329 1138 2362 32,
1163 2329 1191 2350 1.
1221 2317 1340 2362 Polyb.

61 2371 137 2405 Liv.
160 2372 249 2416 Epit.
276 2373 297 2415 §
318 2372 453 2406 XLVII.
480 2373 625 2416 Appian.
643 2373 772 2416 Syriae„
789 2372 926 2416 Joseph.
955 2373 1110 2405 Mat-hab.
1140 2383 1150 2404 1
1172 2398 1180 2412 ‚
1206 2383 1232 2403 ε..
1262 2371 1338 2405 Liv.

60 2425 152 2469 Epit.
171 2425 307 2470 Joseph.
332 2436 451 2460 contra
468 2426 612 2471 Appian.
636 2428 658 2458 l.
682 2437 712 2458 2.
738 2425 839 2458 Diod.
867 2438 919 2469 ap.
944 2424 1056 2460 Vates.
1083 2425 1171 2458 Idem
1190 2437 1243 2468 ap.
1268 2427 1334 2458 Eu-

64 2479 203 2513 sebium.
228 2477 346 2513 Justin.
367 2480 420 2524 38,
439 2480 470 2513 8.
495 2483 514 2524 ς
543 2479 692 2513 XLVIII.
717 2477 836 2514 lustin.
858 2479 1000 2512 Diod-tr.

1391 2211 1405 2232 ν’
