1673 3052
311 138 850 214 H1s†0R1ARUM
886 164 1210 211 LIB.XL1V.
1312 166 1403 210 ιη·

73 266 76 272 ’
117 290 224 340 pare
242 273 472 339 praefefios
503 272 808 336 praefidiorum
823 308 839 328 ,
860 283 961 318 ante
985 285 1143 316 omnes
1165 267 1402 331 Asclepio⁴

117 350 277 396 dotum
305 359 438 409 atque
466 345 710 407 Hippiam:
740 343 794 390 ab
823 342 890 389 his
915 342 1062 389 dicere
1094 340 1282 388 claustra
1304 342 1402 385 Ma-

117 419 322 468 cedoniae
340 419 501 466 tradita
522 418 741 464 Romanis
760 416 870 463 effe:
893 414 1021 477 cujus
1040 414 1184 478 culpae
1203 430 1302 460 reus
1324 429 1403 458 ne-

116 509 197 540 mo
223 491 566 555 justius,rquam
596 489 686 552 ipse
703 524 717 545 ,
741 488 900 535 fuisset,
940 487 1131 535 Consuli
1161 485 1400 549 postquam

119 582 177 613 ex
195 565 288 612 alto
308 564 543 627 conspefia
567 562 706 610 claffis
732 562 850 625 spem
870 561 999 620 fecit,
1021 578 1123 608 cum
1145 570 1402 606 commeatu

120 654 258 687 naves
277 638 434 684 venire
449 672 463 695 ,
484 635 665 701 (ingens
688 636 808 682 enim
831 635 989 682 caritas
1008 650 1203 682 annonae
1226 649 1275 679 ac
1298 648 1405 694 pro·

119 727 177 774 pe
198 711 352 774 inopia
372 709 493 774 erat)
515 709 569 755 ab
588 709 777 756 inveffis
808 707 893 767 jam
915 722 1097 771 portum
1118 705 1241 751 audit
1258 740 1272 760 ‚
1293 720 1404 749 one-

122 784 255 831 rarias
286 799 426 830 naves
453 781 690 845 Magnefiae
719 781 890 828 remas
917 780 1015 827 effe.
1051 782 1229 826 Incerto
1264 775 1403 832 inde,

119 856 334 921 quidnam
353 856 572 919 agendum
595 855 712 901 foret
727 890 742 912 ‚
764 854 908 918 (adeo
930 853 1019 900 fine
1042 853 1131 899 ulla
1153 867 1241 913 ope
1261 849 1406 895 hostis

119 949 222 996 quae
254 944 548 994 aggravaret,
587 946 689 976 cum
724 928 815 991 ipsa
843 928 1107 976 difficultate
1139 942 1288 971 rerum
1318 941 1404 986 pu-

109 1005 343 1068 gnandum
362 1002 487 1067 erat)
510 1015 852 1065 peropportune
882 1002 1023 1048 literae
1050 1017 1074 1046 a
1095 1002 1167 1062 Sp.
1189 996 1404 1044 Lucretio

120 1075 266 1121 allatae
287 1074 410 1121 sunt:
437 1074 611 1121 castella
640 1072 708 1129 se,
728 1090 829 1136 quae
849 1073 978 1135 super
997 1073 1171 1132 Tempe
1196 1068 1334 1114 effent
1353 1069 1404 1113 δε

120 1147 242 1194 circa
263 1147 415 1193 Philan
437 1183 450 1205 ‚
477 1161 628 1194 tenere
659 1147 839 1204 omnia,
870 1144 1172 1206 frumentique
1202 1143 1250 1189 in
1274 1142 1327 1189 iis
1356 1143 1406 1189 &

120 1219 308 1266 aliarum
328 1220 373 1266 in
395 1220 520 1267 usum
542 1237 691 1266 rerum
710 1220 886 1283 copiam
905 1217 1143 1265 invenisse.

185 1296 301 1340 V111.
321 1295 399 1341 His
421 1310 693 1357 magnopere
713 1294 840 1341 laetus
860 1293 1019 1342 consul
1040 1293 1095 1340 ab
1117 1291 1215 1339 Dio
1232 1291 1285 1338 ad
1305 1290 1407 1337 Phi-

120 1367 196 1414 lan
221 1367 368 1425 ducit,
387 1367 516 1414 fimul
544 1380 594 1414 ut
624 1367 872 1430 praefidium
911 1367 1004 1429 ejus
1030 1365 1253 1422 firmaret,
1278 1362 1409 1410 fimul

121 1454 173 1492 ut
204 1441 335 1488 militi
367 1441 672 1497 frumentum,
700 1439 825 1503 cujus
859 1441 982 1487 tarda
1016 1438 1248 1486 subvefiio
1283 1427 1409 1495 eras,

122 1514 361 1562 divideret.
381 1518 441 1562 Ea
458 1515 682 1578 profeffio
706 1514 868 1562 famam
888 1514 1231 1577 haudquaquam
1253 1511 1409 1557 secun-

123 1588 222 1634 dam
247 1588 415 1636 habuit.
454 1606 555 1636 nam
585 1590 691 1647 alii,
725 1602 849 1636 metu
869 1586 1080 1635 receffifl'e
1102 1603 1203 1632 eum
1234 1585 1290 1631 ab
1317 1584 1407 1629 ho-

121 1660 184 1707 ste
200 1697 216 1717 ‚
236 1659 436 1709 ferebant
451 1697 465 1720 ,
491 1662 596 1726 quia
620 1662 821 1709 manenti
849 1660 1112 1724 imperatori
1144 1657 1313 1721 proelio
1335 1655 1408 1702 di-

120 1734 376 1782 micandum
407 1733 555 1782 foret:
589 1735 664 1783 alii
696 1735 928 1799 ignarum,
963 1732 1070 1780 belli
1100 1749 1202 1795 quae
1233 1731 1281 1776 in
1313 1729 1407 1775 dies

122 1809 304 1878 fortuna
336 1823 564 1866 novaret;
590 1823 640 1857 ut
671 1811 779 1874 qui,
807 1809 1100 1857 offerentibus
1133 1805 1221 1853 sese
1246 1805 1408 1862 rebus,

121 1885 331 1932 omififfet
350 1903 374 1932 e
394 1885 599 1933 manibus
622 1901 702 1942 ea,
732 1901 833 1948 quoe
860 1900 969 1930 mox
1004 1881 1146 1944 repeti
1177 1869 1270 1926 non
1303 1878 1407 1941 pof-

121 1957 229 2006 sent.
262 1959 400 2006 Simul
433 1959 551 2006 enim
584 1958 706 2005 ceffit
739 1957 1008 2021 poffeffione
1041 1954 1158 2011 Dii,
1191 1952 1409 2000 excitavit

121 2030 294 2076 hostem
308 2067 321 2088 ‚
341 2044 390 2077 ut
411 2048 530 2078 nunc
548 2030 727 2076 tandem
748 2029 930 2075 sentiret
944 2064 957 2086 ‚
977 2025 1281 2090 recuperanda
1301 2024 1411 2081 effe,

122 2120 225 2165 quae
257 2104 379 2167 prius
410 2104 541 2166 culpa
570 2102 719 2149 amiffa
750 2101 916 2148 forent.
956 2099 1117 2147 Audita
1146 2098 1265 2145 enim
1298 2113 1411 2159 pro-0

122 2175 316 2223 seecione
346 2177 545 2223 consulis
562 2213 575 2234 ‚
602 2178 814 2241 regreffus
839 2176 981 2224 Dium
999 2211 1013 2233 ‚
1037 2192 1136 2238 qua:
1157 2173 1333 2234 disje&a
1357 2187 1411 2217 ac

123 2248 293 2298 vastata
316 2251 371 2296 ab
391 2250 611 2298 Romanis
634 2263 783 2309 erant,
804 2248 950 2297 reficit
971 2269 980 2296 :
1002 2250 1161 2312 pinnas
1190 2245 1412 2293 moenium

123 2322 320 2369 decuffas
336 2324 537 2385 reponit,
555 2325 610 2370 ab
631 2324 758 2370 omni
777 2337 900 2386 parte
920 2339 1074 2369 muros
1090 2320 1235 2366 firmat
1256 2338 1264 2364 :
1288 2319 1410 2363 dein-

57 2441 59 2445 ,
122 2393 177 2440 de
203 2392 400 2456 quinque
422 2394 559 2440 millia
582 2394 783 2456 paffuum
804 2394 859 2439 ab
877 2394 988 2439 urbe
1009 2393 1120 2439 citra
1139 2392 1277 2452 ripam
1300 2388 1411 2434 Eni-

123 2463 199 2528 pei
216 2465 357 2512 amnis
378 2465 515 2514 castra
533 2466 666 2530 ponit
684 2482 700 2521 5
721 2482 897 2512 amnem
918 2463 1061 2528 ipsum
1076 2499 1089 2524 ‚
1109 2461 1295 2510 transmx
1311 2475 1417 2524 per-
