1673 3052
250 195 327 246 IN
359 196 978 245 LOC.LIB.XLV111
1030 196 1175 246 ΜΨ
1289 188 1395 262 303¹'

89 318 208 357 quam
231 305 364 345 consul
380 304 647 356 exercitusque
669 306 866 345 Romanus
884 306 1046 353 armati,
1066 318 1138 345 nec
1157 307 1384 347 auctoritate

88 367 181 417 sua,
203 382 328 419 neque
350 368 450 407 forte
473 368 509 406 vi
538 379 768 419 extorquere
792 368 1013 418 potuissent.
1047 369 1213 419 Agnovit
1239 368 1384 410 benefi-

89 431 194 469 cium
219 429 424 476 Lucullus,
447 431 708 480 juvenemque
732 443 801 481 pro
825 431 1015 469 concione
1043 423 1187 469 meritis
1210 430 1384 470 cumula-

89 498 174 529 tum
188 489 390 537 laudibus,
411 489 546 528 murali
567 501 708 528 corona
728 490 901 529 donavit.
926 490 1216 530 Intercatienses
1235 491 1384 531 consuli

89 551 153 591 sex
169 550 290 590 millia
308 550 490 602 sagorum
514 551 676 597 dedere,
693 562 782 589 cum
799 551 994 591 obsidibus
1012 552 1285 603 quinquaginta
1299 558 1316 607 (
1332 554 1383 592 fic

87 613 195 652 enim
223 615 495 663 convenerat)
527 616 562 654 Sc
590 621 695 652 certo
723 622 984 654 armentorum
1019 627 1281 666 pecorumque
1313 628 1384 654 nu-

90 688 210 714 mero.
242 677 311 716 Hae
339 675 428 716 solae
451 675 594 715 divitiae
609 675 744 724 fuere3
775 671 908 718 auri&
924 678 1094 729 argenti,
1118 692 1191 728 qua
1213 679 1383 719 maxime

90 738 210 790 gratia
239 738 422 778 Lucullus
444 750 506 777 eas
531 737 706 788 regiones
727 738 912 779 scrutatus
944 740 1093 787 fuerat,
1121 740 1218 779 nihil
1245 754 1382 792 reper-

89 806 188 837 tum.
210 799 312 838 Dum
332 799 407 839 istae
428 811 486 838 res
513 799 553 837 in
575 799 757 849 Hispania
779 801 955 839 citeriore
974 810 1181 851 geruntur3
1204 801 1380 852 ulterior,

89 861 233 900 infestis
258 860 524 901 Lusitanorum
546 862 685 909 armis,
709 860 882 901 luctuosa
903 861 1052 913 populo
1079 862 1253 903 Romano
1278 864 1366 906 fuit.

160 930 309 971 XXIV.
347 932 426 971 Ser.
459 931 650 982 Sulpicius
678 932 799 972 Galba
827 942 988 984 praetor,
1015 947 1102 974 cum
1133 949 1155 975 a
1179 937 1236 976 M.
1270 936 1385 977 Atilio

93 993 332 1044 provinciam
360 1006 407 1031 eo
435 994 477 1032 in
503 994 600 1033 statu
628 994 856 1045 accepisset,
881 1004 922 1034 ut
949 996 997 1035 ad
1029 998 1256 1038 eximendos
1283 999 1387 1037 obfi-

92 1054 350 1095 dionirsocios
371 1054 620 1094 festinatione
645 1069 745 1106 opus
770 1057 988 1106 videretur,
1011 1057 1229 1096 incredibili
1256 1059 1386 1098 celeri-

91 1125 170 1157 tate
195 1117 304 1168 supra
341 1116 539 1168 sexaginta
567 1118 687 1157 millia
712 1118 885 1168 passuum
914 1133 989 1159 una
1014 1120 1076 1158 die
1099 1133 1143 1159 ac
1164 1123 1278 1160 nocte
1302 1135 1386 1172 per-

94 1178 267 1227 mensus,
293 1191 342 1218 ex
369 1179 507 1219 itinere
525 1180 700 1220 instruxit
715 1181 763 1219 ad
781 1181 961 1232 proelium
986 1183 1139 1232 copias,
1156 1192 1198 1220 ut
1216 1182 1387 1223 hostibus

92 1240 322 1291 improvisus
340 1241 598 1283 incumberet.
627 1244 765 1292 Neque
785 1242 973 1282 fefellerat
988 1243 1142 1282 fortuna
1163 1244 1358 1284 confilium
1372 1275 1384 1293 ‚

96 1303 164 1343 nisi
186 1304 382 1343 fortunam
406 1304 485 1354 ipse
505 1304 579 1344 alio
609 1304 765 1345 confilio
792 1305 998 1344 fefellisset.
1027 1305 1154 1345 Prima
1177 1306 1388 1357 imprellio-

89 1381 146 1408 ne
171 1367 320 1418 pepulit
347 1368 578 1417 imparatum
605 1367 752 1407 hostem
775 1382 784 1408 :
823 1376 1047 1419 poteratque
1071 1369 1285 1409 velocitatis
1311 1369 1387 1410 suae

95 1430 224 1470 fruetu
249 1428 436 1479 gaudere,
453 1429 479 1468 si
502 1431 550 1469 ad
571 1429 666 1469 vires
690 1430 917 1479 reparandas
941 1430 1150 1481 defatigato
1172 1431 1285 1470 militi
1305 1431 1387 1482 spa-

93 1492 194 1530 tium
218 1489 465 1529 conceffiffet.
498 1491 590 1529 dum
614 1490 805 1541 fugientes
831 1491 1014 1541 languide
1042 1491 1304 1542 persequendo
1329 1495 1386 1531 in-

96 1553 289 1593 firmitatis
316 1552 391 1591 suae
420 1553 634 1602 admonet,
663 1564 839 1604 corrupta
879 1556 914 1593 δε
945 1554 1096 1604 prodita
1126 1555 1286 1594 viGtoria
1319 1556 1383 1596 est.

97 1615 196 1656 Cum
220 1615 324 1654 enim
350 1611 598 1655 continuatus
625 1616 770 1656 itineris
799 1618 835 1656 Sc
860 1616 1059 1667 pugnandi
1085 1615 1218 1664 labor,
1246 1617 1296 1656 ad
1320 1631 1387 1656 re-

93 1678 317 1729 cipiendum
331 1677 509 1729 spiritum
524 1691 628 1718 nunc
645 1678 739 1726 hos,
758 1691 861 1718 nunc
884 1678 970 1718 illos
983 1711 994 1728 ‚
1011 1678 1302 1728 interquiescere
1323 1692 1388 1719 co-

95 1750 222 1792 geret3
252 1743 292 1781 in
323 1742 519 1793 dillipatos
550 1745 585 1783 &c
613 1742 776 1782 defessos
802 1745 952 1793 impetu
978 1742 1144 1782 reversus
1171 1743 1312 1792 hostis,
1337 1745 1388 1785 ad

95 1805 242 1857 septem
263 1807 382 1857 millia
409 1807 584 1848 militum
610 1809 780 1848 obtrivit.
813 1810 972 1857 Praetor,
994 1808 1164 1848 assumtis
1179 1840 1190 1858 ‚
1207 1822 1301 1860 quos
1319 1811 1389 1849 cir,

97 1879 187 1907 cum
208 1868 243 1908 se
264 1869 459 1918 habebat,
473 1871 678 1921 equitibus,
694 1871 794 1922 fugae
815 1871 1003 1911 beneficio
1018 1872 1133 1911 evasit
1152 1872 1356 1912 Carmelim
1376 1887 1386 1914 :

97 1929 167 1969 ubi
189 1929 385 1980 colleffis,
410 1931 473 1981 qui
493 1931 631 1969 eodem
658 1944 705 1970 ex
729 1931 822 1982 fuga
850 1941 1130 1981 convenerant,
1152 1945 1242 1971 cum
1270 1933 1387 1974 etiam

99 1991 149 2031 de
174 1991 364 2030 sociorum
393 1993 540 2032 auxiliis
570 1993 776 2033 hominum
802 1993 921 2034 millia
949 1995 1085 2046 viginti
1114 1994 1320 2044 effecisset,
1348 1997 1387 2034 in

100 2055 322 2094 Cuneorum
348 2059 504 2106 gentem
529 2056 565 2095 se
587 2057 731 2107 recepit
744 2090 754 2100 „
771 2054 941 2108 nihilque
958 2067 1138 2109 praeterea
1155 2068 1302 2098 tentare
1321 2072 1386 2097 au-

98 2114 424 2162 sus,“exercitum
457 2119 495 2156 in
528 2118 687 2158 hiberna
718 2119 937 2169 distribuit3
970 2121 1097 2169 donec
1133 2135 1179 2161 ex
1208 2122 1386 2161 citeriore

103 2175 287 2226 Hispania
310 2177 348 2216 L.
368 2178 548 2218 Lucullus
573 2180 780 2222 adveniret.

156 2247 284 2287 XXV.
304 2248 462 2288 Lucullo
480 2251 601 2298 enim⁷
620 2251 712 2290 sicut
734 2251 884 2292 fortuna
907 2252 1119 2305 prosperior
1135 2285 1146 2302 ,
1160 2254 1213 2292 ita
1236 2252 1320 2303 plus
1338 2254 1385 2291 ad

101 2309 266 2360 reliquos
289 2320 446 2350 conatus
475 2313 644 2352 audaciae
659 2345 670 2362 ,
687 2314 770 2353 fuit.
806 2314 862 2354 Ab
886 2316 1090 2355 Intercatia
1108 2316 1276 2367 ,digresso
1305 2325 1390 2356 teu-

157 2437 178 2472 G
196 2437 315 2470 XXIII.
333 2438 409 2470 Vai.
428 2438 522 2471 Max.
543 2450 580 2482 3,
601 2451 632 2472 2.
654 2440 750 2472 Auel.
765 2441 803 2473 de
817 2441 890 2474 Vir.
913 2443 960 2475 ill.
982 2443 1087 2475 <trah
1111 2456 1138 2475 c.
1167 2443 1217 2481 58.
1234 2444 1382 2489 Appiae..

111 2480 202 2518 Veli.
237 2495 248 2516 1
265 2509 273 2524 ,
295 2493 346 2515 12.
382 2485 402 2528 ς
427 2483 550 2518 XXIV.
571 2483 645 2518 le.
667 2485 754 2528 Epit.
779 2487 923 2529 Appiam.
952 2487 1052 2521 Oros.
1080 2499 1120 2528 4,
1144 2499 1201 2523 20.
