1673 3052
268 199 551 249 innoc.
593 201 724 250 ΜΒ.
763 201 1221 278 Χινυιῑιινῃ,
1301 218 1396 268 307

105 306 347 349 celeberrimi
375 309 545 350 nominis
566 308 763 358 nobilitati
794 310 1016 351 servaverat.
1057 319 1205 351 ceteros
1227 319 1294 351 aut
1318 312 1394 351 fer..

105 381 191 408 rum
219 369 344 409 statim
369 368 514 418 haulit,
540 380 607 411 aut
634 381 768 425 captos
794 372 1079 415 iia-servitutem
1107 373 1229 417 Galba
1252 373 1397 414 vendi-

104 432 187 480 dit;
209 432 398 475 incertum
433 433 579 473 avarior
591 463 608 483 -‚
629 448 679 475 an
703 427 924 485 crudelior,
950 436 1089 486 quibus
1115 436 1228 476 rebus
1253 436 1396 478 Lucul-

103 491 214 539 lum,
238 506 329 533 cum
360 495 520 545 perfidia
549 505 737 548 aequaret,
772 496 992 547 superabat.

110 564 119 587 ἵ
138 563 298 604 ,ῑΧΧΧ.
322 563 430 604 ‘Tum
457 567 773 617 quoquepraedae
798 568 960 608 minima
984 577 1092 619 parte
1115 569 1226 609 militi
1250 569 1399 609 amicis-

105 637 181 675 que
201 625 418 675 distributa,
444 639 611 667 ceteram
631 628 912 672 servavit'fibi:
936 633 1035 671 inter
1053 632 1258 673 immensas
1275 646 1396 684 opes,

105 686 247 738 quibus
276 701 392 728 nemo
419 697 503 728 turn
531 690 665 730 Romae
689 691 904 731 instructior
925 692 1026 742 fuit,
1054 692 1200 744 se‘rnper
1227 707 1398 745 egenus,

107 752 144 791 ἅτ
168 751 215 790 in.
230 764 326 805 pace
356 765 511 803 quoque
535 765 615 792 non
643 754 847 811 mendacio
862 786 875 804 ,
899 766 982 794 'non
1007 758 1184 807 perjuriis
1210 771 1398 809 parcens,

104 816 257 865 quoties
271 828 318 855 ex
333 814 394 855 his
414 814 563 856 lucrum
579 816 753 868 speraret.
777 818 835 858 De
850 829 1010 858 nurnero
1027 819 1307 872 Lusitanorum,
1329 823 1396 874 qui

106 877 239 918 Galbae
260 878 352 918 dolo
373 880 578 930 perierint,
596 880 835 922 diffentitur':
862 882 946 922 aliis
968 897 1109 923 novem
1126 885 1235 925 fuiffe
1252 886 1396 935 millia,

105 939 363 990 quibusdam,
389 943 502 980 aucto
526 942 778 982 vehementer
801 958 963 985 numero
978 977 988 995 ‚
1014 948 1168 998 triginta
1194 949 1315 989 millia
1332 950 1396 989 af-

103 1001 355 1041 firmantibus.
385 1001 634 1042 Simillirnum
662 1017 750 1043 vero
773 1005 850 1054 est,
874 1005 980 1045 hunc
1005 1008 1187 1048 universae
1214 1011 1398 1051 multitu-⁴

107 1063 211 1102 dinis
235 1075 440 1102 numerum
467 1063 599 1104 fuisse:
618 1078 666 1104 ex
692 1078 738 1105 eo
763 1067 988 1108 interfe<stos
1011 1082 1154 1109 novem
1171 1071 1313 1121 millia,
1331 1078 1395 1112 ce-

106 1131 210 1163 teros
234 1123 302 1163 sub
325 1137 468 1164 corona
484 1125 636 1165 venisse.
664 1127 710 1167 Et
729 1126 812 1166 haec
834 1129 989 1179 quidem
1012 1131 1048 1169 in
1072 1144 1216 1171 annum
1237 1133 1396 1184 sequen·-

103 1192 185 1224 tem
215 1185 355 1237 egreffa
383 1186 494 1234 sunt,
526 1187 589 1238 qui
621 1188 667 1228 T.
693 1190 923 1244 Quinctium
947 1192 992 1233 T.
1019 1193 1060 1233 F.
1087 1194 1134 1235 Τ.
1167 1197 1215 1235 N.
1248 1196 1395 1236 Flami-

103 1247 236 1295 nium,
253 1246 325 1287 Μ’.
337 1247 503 1288 Acilium
529 1248 570 1288 L.
599 1248 639 1288 F.
667 1249 708 1288 C.
737 1252 784 1290 N.
804 1251 967 1292 Balbum
986 1254 1160 1296 consules
1175 1287 1186 1305 ,
1206 1258 1391 1309 idemque

102 1304 260 1358 'initium
285 1310 387 1349 tertii
414 1323 503 1349 cum
521 1311 646 1350 Poenis
669 1311 759 1351 belli
783 1312 941 1363 habuit3
966 1318 1069 1366 quod
1095 1328 1138 1357 ut
1162 1320 1307 1360 certius'
1328 1333 1393 1360 co-

103 1371 312 1422 gnoscatur
327 1404 339 1420 ,
364 1373 538 1424 quaedam
563 1373 718 1413 illorum
743 1375 918 1414 adversus
940 1376 1172 1418 Masinissam
1189 1380 1391 1421 referenda

100 1433 201 1484 gesta
225 1433 312 1473 sunt
327 1466 336 1481 2
353 1435 507 1484 quando
524 1434 589 1474 illa
603 1466 615 1484 ‚
630 1435 655 1473 si
680 1448 759 1474 non
778 1437 934 1477 'causam
951 1438 1132 1480 Romanis
1153 1442 1267 1481 armis
1280 1474 1293 1492 ‚
1314 1455 1388 1482 oc-

105 1497 295 1537 cafionem
318 1508 421 1537 certe
446 1498 700 1549 praebuerunt,

137 1558 296 1608 XXXII
313 1567 511 1619 Oroscopa
528 1579 686 1608 vocatur
701 1569 888 1621 oppidum
903 1602 912 1618 ‚
930 1571 1049 1621 quod,
1066 1572 1274 1614 Poenorum
1291 1588 1385 1617 cum

100 1626 216 1675 effer,
243 1640 264 1667 a
289 1628 460 1668 Numida
479 1628 737 1670 obfidebatur.
769 1631 940 1671 Mittitur
963 1632 1011 1671 ab
1035 1633 1130 1673 urbe
1153 1638 1323 1688 quinque
1349 1643 1387 1680 δε

99 1691 234 1741 viginti
259 1691 437 1742 peditum
468 1691 636 1731 millibus
656 1724 667 1742 ,
695 1694 887 1743 equitibus
912 1695 1066 1734 urbanis
1095 1699 1385 1752 quadringentis

97 1753 256 1803 stipatus
286 1752 501 1793 Hasdrubal
523 1767 530 1793 :
558 1755 654 1794 adeo
686 1755 792 1796 felici.
819 1757 1076 1807 expeditionis
1106 1760 1324 1811 principio,
1343 1772 1388 1803 ut

98 1812 315 1851 advenienti
343 1812 466 1852 statim
491 1813 555 1853 sex
585 1813 702 1853 miliia
732 1815 921 1866 regiorum
949 1819 1120 1867 equiturn
1149 1832 1170 1858 a
1196 1821 1384 1871 praefeftis

97 1872 207 1913 Anaii
231 1871 407 1922 Jubaque
425 1873 710 1913 adducerentur
724 1906 733 1921 ‚
761 1876 823 1926 qui
846 1876 896 1915 ob
912 1878 1182 1918 contentiones
1200 1881 1385 1930 quasdam

97 1949 187 1976 cum
210 1936 409 1977 Mafiniffae
429 1937 559 1976 liberis
585 1936 703 1977 fidem
726 1947 980 1979 mutaverant.
1010 1941 1122 1980 Unde
1145 1942 1283 1992 plenus
1303 1949 1386 1985 ani-

95 2011 249 2038 morum
270 1998 484 2039 Hasdrubal
500 2031 509 2045 ἢ
528 2000 652 2039 castris
673 2002 829 2051 propius
855 2001 1001 2041 hostem
1026 2004 1165 2053 motis,
1183 2007 1384 2055 premebat

95 2059 353 2107 Masinissam,
379 2061 560 2101 omnibus
591 2062 713 2102 ferme
736 2063 883 2103 levibus
910 2065 1080 2115 proeliis,
1106 2080 1188 2118 quae
1214 2077 1257 2107 ut
1285 2071 1384 2110 inter

96 2120 245 2160 vicinos
273 2122 462 2160 exercitus
490 2123 620 2162 crebra
649 2122 819 2172 fiebant,
846 2124 1025 2175 superior.
1060 2129 1109 2166 At
1135 2142 1215 2177 rex,
1239 2130 1385 2170 invete-

97 2190 203 2221 ratus
227 2182 317 2222 belli
346 2184 514 2231 artibus,
537 2197 584 2223 ex
611 2184 694 2235 ipso
714 2187 966 2226 incommodo
990 2189 1055 2227 suo
1081 2191 1276 2231 victoriam
1301 2208 1383 2234 mo-

95 2242 272 2284 liebatur.
309 2253 490 2295 tanquam
515 2247 630 2297 igitur
652 2247 853 2289 hostilibus
877 2251 990 2290 armis
1019 2253 1178 2292 refistere
1200 2268 1278 2293 non
1297 2256 1384 2306 pos-

95 2303 175 2352 set,
194 2305 331 2344 cedere
349 2305 535 2356 paulatim
550 2339 560 2353 ,
577 2308 751 2348 simulare
774 2321 943 2361 metum,
965 2314 1162 2365 castrisqtie
1185 2316 1283 2366 saepe
1300 2332 1383 2357 mu-

96 2366 210 2412 tatis,
239 2365 319 2405 aliis
357 2376 470 2417 atque
508 2369 594 2408 aliis
630 2368 724 2409 locis
753 2373 971 2414 confidere:
1011 2376 1135 2414 donec
1165 2377 1203 2416 in
1234 2379 1382 2419 aridam

106 2542 113 2545 ³
141 2498 166 2542 s
191 2498 392 2535 xxxv-21.
414 2499 506 2534 Max.
528 2510 561 2544 9,
583 2500 617 2535 6.
642 2500 721 2535 [ἰν.
747 2488 836 2547 Epis.
862 2502 1003 2538 Samon,
1031 2505 1065 2538 in
1088 2505 1186 2543 cair.
1205 2519 1232 2542 c.
1256 2518 1293 2555 ς.

1027 2571 1071 2614 V
1103 2585 1131 2615 2
1288 2580 1292 2584 ”
