1673 3052
272 193 365 256 276
431 187 1468 241 JO.FRE1NSHEM118UPPLEM.·

270 301 378 348 cior,
401 311 517 351 quam
544 296 783 348 superiorum
814 295 1014 345 omnium,
1037 295 1125 338 fuit.
1158 296 1448 339 Maffilienfium
1469 311 1562 339 vero

269 376 406 416 preces
434 362 601 412 benigne
625 359 713 398 sunt
738 359 915 408 auditae,
942 359 1121 398 auxilium
1142 361 1311 414 adverfics
1333 361 1479 415 Ligures
1495 375 1561 414 pe-

269 428 436 468 tentium
449 454 460 474 ,
475 425 535 478 qui
545 453 560 471 ,
571 422 704 477 obseffis
716 422 842 461 Nicaea
859 423 895 461 6³
907 421 1076 474 Antipoli
1084 451 1098 469 ‚
1109 421 1376 474 Maffilienfium
1393 425 1536 477 oppidis
1547 455 1561 473 ,
1593 475 1596 478 Α

269 489 384 529 urbem
405 487 518 540 ipsam
538 498 687 538 magnas
707 484 743 522 in
762 484 942 537 angustias
965 495 1156 536 coegerant.
1183 482 1392 524 Decretum
1413 484 1489 535 est,
1506 487 1563 525 uti

271 548 381 603 legati
406 549 456 586 ad
475 560 529 585 res
551 545 816 596 Maffilietzfium
840 545 1083 598 inspiciundas
1107 545 1342 596 mitterentur3
1373 547 1468 601 iique
1495 550 1561 587 da-

268 625 346 652 rent
370 625 529 665 operam,
556 609 610 647 uti
634 607 906 658 Maffilienfibus
928 607 1140 660 fiatisfieret,
1170 623 1212 646 ne
1246 611 1340 661 quod
1367 611 1491 650 bellum
1517 627 1560 651 ea

267 679 311 716 de
331 676 437 729 causa
451 674 586 728 suscipi
607 687 694 728 opus
722 671 810 724 effer.
842 672 979 722 Neque
1003 679 1136 711 tamen
1158 672 1343 713 declinari
1363 675 1561 715 neceffita-

267 746 350 779 tem
371 751 456 779 eam
480 736 728 777 barbarorum
751 735 881 775 feritas
902 735 1004 786 pass'a
1025 736 1103 785 est3
1126 737 1216 787 quia
1237 737 1415 789 sequenti
1433 753 1558 790 anno,

267 814 347 854 quo
375 803 426 853 Q
446 800 625 852 Opimius
653 800 702 850 Q.
736 799 777 839 F.
813 800 862 849 Q.
888 800 935 840 N.
961 799 1003 840 L.
1033 799 1246 841 Postumius
1272 802 1337 853 Sp.
1370 802 1412 842 F.
1436 803 1479 844 L.
1504 805 1555 845 N.

268 865 432 908 Albinus
453 862 628 904 consules
658 862 788 911 fuere,
809 874 899 902 cum
919 862 1085 914 Oxy-biis
1111 870 1225 914 atque
1246 864 1477 906 Deceatibus
1499 867 1560 907 Li-

268 927 386 980 guriae
413 924 569 977 populis
600 923 818 964 bellaretur.
855 925 904 963 At
935 923 976 963 L.
1009 924 1220 964 Postumius
1247 937 1336 966 cum
1364 927 1484 968 iturus
1516 929 1558 968 in

267 988 510 1042 provinciam
533 984 789 1033 immolasset,
805 985 845 1024 in
869 984 1040 1035 plurimis
1064 986 1229 1027 vidlimis
1255 997 1371 1039 caput
1392 990 1557 1040 jocinori

268 1051 408 1092 defuit.
447 1048 646 1089 Profec'tus
678 1047 951 1095 nihilominus,
982 1047 1066 1099 post
1092 1048 1195 1087 diem
1223 1049 1429 1101 septimum
1458 1065 1559 1103 aeger

266 1113 411 1155 relatus
434 1113 487 1152 est
511 1113 706 1159 Romam,
729 1109 859 1160 ibique
879 1109 1098 1161 exspiravit.
1130 1110 1202 1151 Ista
1226 1124 1284 1151 res
1304 1113 1469 1163 perculit
1486 1115 1559 1155 ho-

266 1178 419 1218 minum
444 1177 617 1215 animos:
641 1173 810 1212 maxime
828 1174 917 1224 quia
935 1176 992 1222 &,
1019 1173 1152 1214 Consae
1176 1187 1281 1214 arma
1304 1175 1343 1215 in
1368 1176 1469 1216 coelo
1490 1191 1558 1218 vo.

265 1241 345 1282 lare
367 1240 470 1289 visa,
489 1239 733 1286 nuntiatum,
761 1239 796 1277 &
823 1235 945 1276 multa
968 1236 1122 1276 illustria
1145 1235 1231 1276 loca
1252 1236 1480 1278 fulminibus
1502 1248 1559 1279 ta-

266 1308 329 1347 &a
355 1306 519 1345 fuerant.
555 1302 599 1342 In
624 1301 767 1340 mortui
790 1299 923 1340 locum
946 1299 1082 1339 consul
1104 1299 1228 1340 fastus
1254 1301 1307 1340 est
1328 1301 1388 1342 M.
1411 1302 1556 1344 Acilius

264 1369 326 1411 Ν.
351 1368 393 1409 F.
422 1367 466 1408 C.
493 1367 542 1407 N.
567 1364 736 1405 Glabrio.
1434 1404 1446 1410 -

321 1431 459 1474 XXX.
496 1430 596 1471 Cum
627 1430 773 1467 interea
797 1426 886 1467 novi
911 1439 932 1466 a
958 1425 1122 1467 Massilia
1153 1425 1295 1478 legati,
1317 1427 1413 1466 nihil
1428 1443 1493 1482 pro
1512 1429 1554 1484 ft

260 1495 385 1548 populi
406 1492 558 1532 Romani
576 1489 814 1529 aueloritatem
834 1489 981 1542 valum}
993 1521 1004 1539 ,
1018 1489 1217 1539 afferrent,
1236 1491 1362 1531 statim
1382 1505 1403 1532 a
1420 1492 1552 1532 senatu

263 1556 362 1596 miffi
377 1555 462 1594 sunt
475 1553 732 1600 Flamininus,
752 1551 936 1602 Popillius
958 1553 1109 1601 Laenas,
1127 1554 1168 1594 L.
1190 1554 1354 1606 Pupius,
1367 1556 1446 1606 qui,
1462 1569 1556 1596 con.

261 1619 393 1660 scenso
417 1618 569 1670 navigio
583 1649 595 1666 ‚
615 1618 806 1668 AEgitnam
821 1647 834 1663 ,
855 1617 962 1666 quod
983 1617 1224 1668 Oxybiorum
1253 1618 1445 1669 oppidum
1471 1620 1552 1670 est,

262 1681 506 1733 appulerunt.
524 1681 570 1720 At
586 1680 756 1731 Ligures,
772 1679 920 1728 audito,
937 1680 1054 1745 venire
1074 1681 1188 1719 Roma
1206 1680 1343 1733 legatos
1355 1712 1367 1730 ‚
1380 1683 1440 1735 qui
1453 1683 1555 1737 solvi

260 1746 467 1796 obfidioszem
488 1745 714 1798 imperarent,
744 1751 975 1794 procurrunt
1002 1744 1042 1782 in
1064 1753 1244 1794 portum:
1271 1743 1390 1795 alios,
1407 1745 1470 1796 qui
1486 1746 1554 1786 ad.

260 1804 341 1844 huc
354 1806 394 1844 in
415 1805 499 1844 navi
524 1814 652 1855 erant,
672 1804 955 1844 exscensionem
974 1804 1099 1844 facere
1115 1812 1269 1854 vetant,
1291 1804 1552 1849 Flamininum

261 1870 341 1918 iam
373 1867 561 1919 egressum
583 1882 667 1921 agro
685 1869 751 1921 sno
776 1867 915 1916 iubent
936 1868 1105 1906 excedere.
1142 1867 1246 1917 quod
1276 1879 1365 1906 cum
1398 1866 1463 1907 ille
1489 1867 1550 1908 fa·-

261 1945 349 1972 cere
376 1933 586 1981 recusaret,
611 1945 746 1972 manus
772 1932 950 1982 injiciunt
975 1931 1127 1971 sarcinis
1151 1945 1161 1971 z
1197 1932 1276 1971 vim
1292 1931 1549 1982 'prohibentes

260 1994 429 2034 servulos
441 2026 454 2042 ,
474 1994 626 2033 duobus
647 1993 780 2033 occisis
793 2024 805 2040 ,
820 1991 1030 2043 repellunt,
1048 1992 1247 2044 ipsumque
1263 1993 1360 2033 adeo
1377 1992 1549 2045 legatum

261 2056 565 2102 convulnerant,
588 2057 690 2095 haud
725 2056 841 2095 dubie
865 2055 1124 2103 interfec‘turi,
1152 2056 1190 2094 ni
1220 2055 1345 2095 subito
1372 2067 1549 2107 receptus

260 2118 303 2157 in
329 2118 480 2165 navim,
512 2117 670 2168 praecifis
706 2117 889 2166 funibus,
915 2117 1131 2156 imminenti
1160 2118 1278 2158 exitio
1313 2117 1350 2158 se
1386 2119 1551 2170 eripuis-

259 2180 340 2228 set,
368 2179 574 2220 Massiliam
599 2179 647 2218 ad
671 2179 838 2218 curanda
862 2178 1019 2218 vulnera
1053 2180 1301 2219 contendens.
1340 2180 1412 2221 His
1434 2181 1547 2221 rebus

259 2240 395 2283 Romae
415 2241 579 2290 auditis,
605 2249 793 2280 maturare
819 2241 1097 2292 profec‘tionem
1130 2243 1180 2292 Q.
1210 2243 1391 2294 Opimius
1413 2243 1550 2285 consul

259 2304 402 2354 juffus,
425 2305 463 2343 in
485 2317 573 2355 agro
600 2303 822 2343 Placentino
854 2305 955 2343 diem
986 2305 1103 2344 edicit
1127 2305 1326 2347 militibus.
1358 2305 1447 2346 inde
1482 2319 1549 2357 per

260 2368 508 2418 Apenninum
538 2366 644 2406 ducit
669 2367 707 2404 in
734 2366 929 2418 Oxybios,
953 2366 1154 2418 castrisque
1179 2369 1227 2408 ad
1250 2381 1403 2408 amnem
1425 2370 1546 2419 Apro-

301 2474 327 2515 ς
345 2474 468 2506 ΧΧΙΧ.
486 2474 602 2518 Polyb.
625 2483 774 2518 excerpt.
796 2473 908 2519 Legat.
929 2487 987 2521 ¹¹3
1006 2477 1039 2511 ὃ(
1054 2488 1128 2523 132.
1151 2477 1226 2513 Liv.
1248 2477 1336 2522 Epit.
1355 2487 1409 2519 47.
1428 2476 1547 2522 Polyb.

258 2515 370 2553 lulius
390 2518 515 2564 Obseq.
538 2532 565 2555 c.
583 2519 641 2561 76.
662 2519 744 2554 Fasti
766 2518 915 2564 Capitol.

1656 2432 1659 2470 i
