1673 3052
265 171 350 218 IN
396 171 588 220 LOC.
637 173 780 221 L1B.
818 172 1003 221 XLVI
1055 175 1196 221 LIV.
1301 191 1389 242 255

101 280 250 330 viaeque
277 279 441 319 comites
471 277 626 331 legerat.
660 279 701 319 in
731 279 870 331 quibus
901 283 936 322 ἃ
967 280 1139 322 Nicanor
1172 281 1271 333 fuit,
1300 296 1394 326 mox

100 341 317 392 praecipuus
334 340 561 380 amicorum.
579 341 610 380 Ii
627 353 716 381 cum
740 341 896 394 singulis
917 343 1046 393 pueris
1066 343 1114 383 ad
1139 357 1293 393 navem,
1311 359 1396 396 quae

97 405 151 444 ad
174 404 318 444 Ostiam
340 401 483 451 stabat,
508 403 586 442 sese
611 404 827 445 conferunt.
863 405 969 444 venit
990 405 1130 446 eodem
1151 406 1395 459 Demetrius,

97 464 315 515 reperitque
351 463 657 515 Mensthyssum,
690 466 756 516 qui
791 467 918 505 nautis
952 466 1116 508 obtentu
1155 472 1240 508 novi
1268 485 1292 508 a
1320 485 1397 524 rege

98 527 262 565 mandati
287 525 445 565 excusat
460 557 472 575 ‚
500 529 595 580 quod
616 525 688 580 ips}
713 539 861 580 nequeat
887 528 1085 581 discedere:
1113 542 1255 569 ceterum
1270 532 1317 585 se
1332 532 1399 585 ju—

99 603 204 628 venes
230 589 312 642 istos
331 589 488 641 probatae
499 589 593 640 fidei
617 591 667 628 ad
685 590 785 628 illum
812 590 953 628 mittere.
986 591 1077 630 Non
1104 593 1277 633 interfuit
1301 608 1396 634 nau-

98 657 225 688 tarum
239 680 252 697 ‚
274 662 370 700 quos
390 651 564 689 vectores
583 649 785 700 tollerent,
803 651 1123 702 quandoquidem
1145 654 1193 693 de
1214 658 1394 697 mercede

98 710 195 750 nihil
218 712 307 763 ipfis
336 711 564 752 decedebat.
605 712 740 764 Itaque
773 715 897 764 prima
925 713 1014 754 luce
1049 715 1210 757 sublatis
1241 721 1397 765 ancoris

97 772 182 814 vela
208 773 382 813 fecerunt
397 803 408 822 ,
427 773 475 813 de
505 773 713 813 comitibus
737 774 810 814 suis
837 783 975 826 praeter
1002 776 1063 826 id,
1087 778 1193 828 quod
1217 792 1238 819 a
1263 780 1394 821 Meni-

98 835 226 888 thyllo
251 843 505 888 acceperant,
526 835 625 876 nihil
648 836 838 888 suspicati.
877 839 961 879 Hac
984 838 1121 880 fraude
1145 843 1396 892 quatriduum

96 899 222 947 abiit,
245 899 466 951 priusquam
490 899 538 938 de
565 899 659 951 fuga
686 900 874 941 Demetrii
902 901 1121 943 dubitatum
1147 904 1210 945 est.

161 961 354 1003 XXXVI.
387 961 536 1012 Quinto
564 961 725 1001 demum
755 963 819 1002 die
847 965 1004 1004 coaetus
1030 964 1081 1004 ob
1107 978 1193 1006 eam
1221 980 1300 1008 rem
1329 968 1394 1009 se-

98 1034 238 1074 natus,
265 1025 354 1076 quia
379 1023 549 1064 multum
579 1024 722 1065 itineris
752 1025 820 1066 ille
851 1029 931 1077 J‘am
964 1038 1224 1081 praeceperat,
1252 1034 1392 1073 minime

90 1087 366 1141 profiquendum
400 1086 463 1140 effe
492 1085 652 1126 censuit.
703 1086 780 1126 Sed
807 1085 913 1127 haud
945 1088 1070 1129 multo
1101 1091 1186 1142 post
1214 1100 1391 1145 tempore

96 1148 158 1189 Ti.
197 1148 443 1195 Gracchum,
471 1148 513 1188 L.
539 1147 774 1196 Lentulum,
805 1151 840 1189 62
870 1150 1073 1191 Servilium
1105 1152 1305 1195 Glauciam
1341 1155 1390 1195 ad

97 1223 156 1250 res
175 1210 329 1251 Graeciae
345 1209 603 1262 inspiciundas
620 1210 815 1252 miserunt.
845 1212 892 1252 iis
915 1214 1143 1254 mandatum
1157 1246 1168 1265 ,
1182 1230 1219 1254 ut
1239 1233 1284 1254 ex
1298 1219 1392 1256 Grae.

98 1273 156 1311 cia
179 1272 218 1310 in
233 1273 359 1324 Afiam
381 1272 641 1325 transjicientes
655 1304 669 1320 ‚
692 1288 767 1312 cum
794 1275 941 1314 aliorum
967 1291 1108 1327 regum,
1133 1291 1205 1316 tum
1221 1280 1392 1331 praecipue

97 1334 270 1374 Demetrii
296 1334 441 1386 confilia
464 1333 737 1386 specularentur.
772 1332 916 1372 Datum
943 1335 1059 1374 etiam
1085 1339 1288 1388 negotium
1315 1341 1390 1390 est,

98 1406 138 1433 ut
162 1409 277 1448 regum
306 1409 382 1433 cum
409 1394 640 1445 Gallograecis
663 1395 913 1446 controversias
930 1394 1150 1448 judicarent.
1183 1400 1391 1450 praesertim

99 1456 276 1494 Graccho
301 1454 542 1503 injunctum,
572 1467 610 1493 ut
636 1456 693 1493 his
719 1456 820 1494 rebus
845 1458 1006 1496 omnibus
1026 1460 1178 1511 praefins
1193 1462 1393 1514 superffc.

96 1514 156 1556 M.
174 1515 318 1554 deinde
343 1514 517 1554 Valerius
545 1515 602 1556 M.
632 1515 674 1555 F.
701 1516 759 1556 Μ.
786 1517 835 1556 Ν.
861 1517 1062 1568 Messalla,
1089 1520 1133 1559 C.
1160 1519 1324 1561 Fannius
1345 1522 1389 1563 C.

95 1575 138 1617 F.
161 1576 202 1616 C.
231 1578 279 1618 N.
307 1576 444 1617 Strabo
471 1576 716 1617 consulatum
749 1589 994 1630 acceperunt.
1031 1581 1076 1621 ln
1100 1581 1240 1622 horum
1269 1585 1392 1635 magi-

100 1637 214 1676 stratu
234 1638 502 1677 conviviorum
522 1636 630 1677 luxui
656 1638 814 1678 obviam
839 1641 964 1681 itum:
987 1642 1051 1691 qui
1079 1651 1161 1680 tum
1176 1673 1187 1690 ‚
1209 1651 1251 1682 ut
1277 1643 1390 1684 rebus

99 1698 290 1752 prosperis
307 1698 477 1739 solemne
491 1699 566 1748 est,
582 1699 622 1738 in
645 1701 727 1740 dies
742 1700 993 1742 sumtuofiore
1015 1704 1308 1754 intemperantia
1328 1719 1390 1745 va-

93 1758 273 1799 lescebat.
311 1761 446 1811 Neque
465 1760 528 1802 lex
553 1761 670 1801 Orcia
688 1792 699 1810 ‚
736 1775 852 1812 quam
884 1763 1063 1803 ViCefimO
1093 1773 1183 1804 ante
1211 1779 1312 1805 anno
1343 1767 1387 1807 C.

96 1822 235 1863 Orcius
265 1823 314 1862 de
337 1822 489 1863 senatus
521 1823 705 1864 sententia
732 1826 773 1864 in
806 1826 1005 1866 tribunatu
1036 1826 1197 1875 tulerat,
1235 1838 1387 1869 ruentes

95 1897 222 1924 mores
243 1884 331 1924 satis
351 1885 580 1935 sustinebat,
595 1887 737 1927 etiamst
760 1886 990 1929 servaretur:
1017 1890 1105 1940 quia
1126 1903 1287 1931 numero
1305 1901 1388 1932 tan·

94 1954 179 1987 tum
200 1948 448 1988 convivarum
471 1950 668 1998 coercito,
689 1959 855 1990 ceteram
878 1952 1081 2003 epularum
1097 1952 1291 1995 luxuriem
1311 1955 1388 1995 fine

92 2008 206 2049 freno
229 2009 446 2060 reliquerat.

148 2073 359 2115 XXXVII.
390 2074 519 2114 Crevit
547 2075 689 2127 igitur,
717 2084 757 2116 ut
777 2076 874 2128 saepe
900 2077 967 2128 fit,
995 2079 1188 2120 irritatum
1211 2081 1385 2121 remedio

95 2136 263 2186 malum,
281 2136 491 2189 passimque
506 2141 585 2188 jam
604 2139 644 2177 in
664 2141 867 2190 pauciores
890 2142 1069 2182 convivas
1090 2146 1214 2193 major
1237 2145 1385 2196 impen-

94 2197 152 2247 sa,
172 2213 286 2250 quam
307 2200 346 2239 in
370 2200 496 2252 plures
519 2209 629 2241 antea
643 2234 654 2252 ‚
672 2202 800 2242 fiebat.
828 2205 1013 2256 Adeoque
1032 2206 1071 2245 in
1094 2206 1295 2257 publicum
1321 2207 1387 2247 da-

94 2273 229 2300 mnum
261 2264 297 2302 &
328 2262 496 2303 dedecus
521 2264 668 2305 vaesana
700 2266 884 2317 ingluvies
926 2270 1066 2318 iverat,
1095 2278 1138 2309 ut
1162 2269 1277 2321 vulgo
1307 2273 1385 2319 J'am

92 2323 132 2362 in
156 2324 361 2364 comitium
383 2325 432 2365 ad
457 2325 754 2366 consultationes
780 2329 828 2367 de
852 2330 1054 2380 republica
1081 2330 1261 2370 homines
1288 2331 1382 2371 ebrii

140 2450 162 2492 ς
188 2450 330 2483 XXXV.
352 2451 488 2496 Joseph.
511 2465 562 2495 12,
581 2464 632 2493 17.
654 2454 773 2489 Justin.
791 2467 855 2500 34,
879 2467 907 2500 3.
933 2457 1053 2501 Polyb.
1079 2460 1101 2504 §
1124 2458 1282 2494 XXXVI.
1300 2458 1380 2492 Fasti

108 2493 258 2538 Capitol.
280 2496 433 2550 Maur-ab.
458 2497 624 2533 saturnal.
652 2509 690 2541 3,
713 2509 765 2540 17.
