1673 3052
309 181 372 231 66
661 177 1224 226 TITILIVII

309 289 462 336 Ponto
494 286 698 334 triremes
714 320 728 344 ‚
749 295 888 349 quatu
897 300 949 332 or
967 285 1281 346 Chalcedone,
1306 284 1498 334 totidem
1517 286 1598 334 Sa-

307 377 419 419 mo,
456 372 553 408 tum
589 358 792 423 quinque
821 358 1010 405 Rhodiae
1041 358 1360 422 quadriremes.
1394 360 1597 416 Praetor,

306 434 414 497 quia
437 433 657 496 nusquam
680 444 774 480 erat
799 431 1072 480 maritimum
1104 433 1272 480 bellum
1288 469 1304 491 ,
1333 433 1501 480 remisit
1522 432 1597 480 so-

308 507 405 554 ciis.
436 508 486 553 &
509 508 570 566 Q.
593 505 789 553 Marcius
812 505 1071 553 Chalcidem
1093 506 1286 554 navibus
1302 506 1461 566 venit,
1481 507 1598 555 Alo-

306 598 364 644 pe
391 593 519 643 capta
535 617 550 639 ,
574 580 733 626 Larissa
755 615 768 637 ‚
787 596 886 643 quae
902 579 1128 626 Cremaste
1146 579 1308 628 dicitur
1323 616 1337 640 ,
1359 597 1598 645 oppugna-

306 669 364 703 ta.
400 658 518 703 Cum
540 655 614 701 hic
648 654 782 701 status
815 653 860 699 in
881 655 1060 702 Boeotia
1089 654 1460 715 effet‚·Perseus,
1494 672 1597 703 cum

304 729 364 775 ad
381 728 621 793 Sycurium
659 726 804 791 (sicut
834 738 935 773 ante
955 723 1122 774 dicium
1153 726 1249 791 est)
1285 727 1444 776 stativa
1462 728 1599 776 habe-

304 814 401 857 ret,
434 800 664 847 frumento
682 798 883 858 undique
902 798 1021 846 circa
1046 816 1103 845 ex
1126 800 1242 862 agris
1264 800 1521 860 convecto,
1542 802 1600 850 ad

306 874 575 922 vastandum
604 889 758 936 agrum
789 872 1077 919 Pheraeorum
1108 872 1255 919 mifit:
1292 886 1414 921 ratus
1447 875 1499 921 ad
1527 873 1600 935 ju-

305 947 479 993 vandas
502 945 729 993 sociorum
755 944 890 992 urbes
908 944 1086 1008 longius
1109 945 1165 992 ab
1189 945 1338 992 castris
1356 946 1597 993 abstraClos

306 1020 580 1082 deprehendi
599 1019 835 1066 Romanos
865 1017 1002 1081 posse.
1032 1019 1165 1078 Quos
1188 1034 1290 1066 cum
1318 1034 1376 1066 eo
1395 1020 1598 1069 tumultu

305 1091 420 1139 nihil
439 1104 593 1140 motos
613 1090 1010 1149 animadvertisset,
1030 1092 1227 1154 praedam
1244 1093 1426 1156 quidem
1441 1130 1458 1152 ,
1478 1111 1598 1157 prae-

306 1177 510 1228 terquam
533 1163 772 1211 hominum
788 1198 800 1220 ‚
835 1163 1031 1227 (pecora
1057 1176 1206 1210 autem
1229 1165 1425 1213 maxime
1447 1164 1596 1214 om'nis

306 1237 484 1303 generis
509 1235 664 1300 fuere)
689 1236 841 1283 divisit
861 1238 915 1283 ad
934 1237 1208 1300 epulandum
1233 1237 1466 1286 militibus.

377 1312 510 1358 LVII.
531 1310 622 1357 Sub
642 1310 758 1356 idem
783 1309 944 1356 deinde
963 1323 1139 1372 tempus
1157 1310 1463 1359 confilium&
1481 1323 1599 1359 con-³

306 1387 374 1434 sul
392 1388 442 1434 δι
466 1401 545 1432 rex
567 1384 846 1440 habuerunt,
878 1384 995 1429 unde
1016 1382 1181 1429 bellum
1203 1383 1476 1431 ordirentur.
1509 1385 1596 1432 Re-

307 1459 374 1523 gis
397 1468 639 1506 creverunt
664 1455 802 1502 animi
827 1455 1079 1502 vastatione
1099 1455 1304 1503 conceffa
1327 1455 1408 1502 fibi
1433 1456 1490 1503 ab
1507 1456 1597 1502 ho-

308 1533 371 1580 ste
392 1529 567 1578 Pheraei
582 1529 690 1592 agri.
719 1528 873 1591 itaque
894 1529 1091 1574 eundum
1114 1528 1218 1575 inde
1241 1528 1295 1575 ad
1318 1527 1454 1576 castra
1470 1564 1484 1588 ‚
1511 1545 1597 1576 nec

305 1603 506 1650 dandum
530 1602 643 1647 ultra
670 1599 856 1663 spatium
887 1600 1124 1648 cunctandi
1140 1637 1154 1659 ,
1175 1600 1393 1648 censebat.
1425 1604 1481 1648 Et
1497 1601 1596 1648 Ro-

307 1675 432 1723 mani
454 1674 721 1733 censebant,
746 1674 1077 1721 cundhffionem
1107 1672 1224 1719 suam
1246 1671 1459 1720 infamem
1477 1673 1596 1736 apud

310 1751 464 1799 socios
485 1750 568 1797 effe
584 1786 599 1807 ‚
623 1749 935 1811 maximopere
960 1748 1143 1812 indigne
1171 1748 1394 1808 ferentes,
1417 1765 1512 1797 non
1532 1749 1594 1795 la-

306 1836 398 1871 tam
424 1823 615 1870 Pheraeis
634 1838 784 1885 opem.
818 1821 1218 1879 Consuhanfibus,
1242 1821 1350 1886 quid
1383 1837 1594 1886 agerent,

310 1896 524 1956 (aderant
542 1908 687 1941 autem
705 1898 924 1942 Eumenes
943 1896 992 1940 &
1008 1895 1181 1941 Attalus
1197 1895 1242 1940 in
1263 1892 1486 1958 confilio)
1507 1907 1595 1942 tre-

306 1970 438 2033 pidus
460 1968 643 2014 nuntius
664 1967 816 2025 affert,
846 1967 1017 2014 hostem
1043 1983 1208 2031 magno
1238 1965 1413 2030 agmine
1438 1967 1594 2016 adeffe.

306 2043 526 2092 Concilio
557 2043 733 2089 dimisso
749 2078 761 2100 ,
782 2042 953 2105 signum
976 2042 1205 2104 extemplo
1227 2042 1384 2101 datur,
1402 2053 1453 2088 ut
1471 2058 1594 2090 arma

309 2117 500 2180 capiant.
539 2117 720 2163 Interim
748 2116 925 2178 placet,
950 2132 1006 2161 ex
1036 2115 1167 2176 regiis
1200 2114 1375 2160 auxiliis
1412 2126 1597 2162 centum

307 2192 484 2256 equites
518 2193 565 2238 δέ
600 2208 752 2253 parem
787 2206 1021 2235 numerum
1060 2188 1357 2247 iaculatorum
1394 2188 1594 2250 peditum

308 2266 450 2313 exire.
482 2264 661 2311 Perseus
691 2265 805 2310 hora
835 2263 972 2310 ferme
1000 2263 1087 2308 diei
1112 2274 1297 2325 quarta,
1322 2277 1422 2307 cum
1453 2261 1592 2324 paulo

311 2340 411 2402 plus
432 2338 553 2386 mille
582 2338 723 2401 passus
748 2338 912 2383 abesset
945 2354 968 2382 a
1001 2336 1150 2382 castris
1169 2335 1416 2392 Romanis,
1443 2335 1594 2381 consi-

311 2414 422 2460 stere
445 2412 563 2476 signa
586 2411 783 2474 peditum
808 2410 939 2472 juffit.
972 2409 1226 2472 praegress'us
1242 2408 1331 2471 ipse
1346 2425 1449 2456 cum
1469 2407 1595 2471 equi-

310 2483 426 2531 tibus
454 2490 508 2531 ac‘
525 2483 616 2532 levi
637 2494 857 2530 armatura
872 2518 886 2542 ‚
915 2483 965 2530 ὅ(
987 2483 1139 2546 Cotys
1161 2498 1263 2529 cum
1293 2497 1349 2529 eo
1370 2481 1593 2546 ducesque
