1673 3052
287 217 366 267 IN
402 219 985 268 LOC.LIB.XLV1
1036 223 1177 271 mv,
1305 241 1397 288 249

109 327 162 370 ob
185 326 377 379 sanguinis
401 329 721 377 conjunctionem
738 359 749 377 ,
779 328 868 380 quia
888 328 1011 369 senior
1034 330 1247 372 Ariarathes
1272 332 1397 374 filium

88 388 223 430 'istum
247 402 294 429 ex
321 389 558 430 Antiochide
582 389 815 441 susceperat,
836 390 972 442 Magni
997 393 1175 432 Antiochi
1197 403 1297 436 nata.
1322 396 1400 436 Sed

108 452 376 493 recusaverunt
395 454 437 493 id
459 452 645 494 auxilium
669 452 810 504 legati,
827 454 1026 507 majestate
1048 457 1216 497 nominis
1234 458 1400 498 Romani

109 522 217 554 tutos
231 515 348 555 serati
367 515 475 555 fore:
504 516 610 565 quod
626 515 741 566 longe
768 514 874 554 secus
893 517 1031 558 evenit.
1056 519 1157 558 Nam
1171 521 1276 570 apud
1297 529 1402 560 tran-³

112 577 253 628 quilios
271 581 306 618 ὁὶ
325 579 516 620 modestos
532 580 737 619 auctoritas
756 591 801 619 ac
817 581 1027 620 reverentia
1045 581 1255 632 plurimum
1270 584 1372 624 valet
1388 599 1398 624 ;

113 641 182 681 ubi
204 642 348 682 turbari
368 656 425 684 res
443 655 612 694 coepere,
629 643 808 685 adversus
833 643 1122 699 improbitatem
1138 656 1323 689 armatam
1338 648 1402 688 de-

114 701 193 745 bile
217 706 503 748 munimentum
529 706 656 756 pudor
681 706 744 746 est.

167 773 316 814 XXIV.
349 773 501 824 Quibus
523 782 654 813 autem
683 774 803 813 initiis
825 774 984 813 concuti
1013 775 1187 826 regiones
1220 776 1294 816 istae
1325 789 1404 816 coe-

117 837 271 887 perint‚
298 849 424 886 operae
451 837 616 886 pretium
651 848 697 875 ex
729 849 936 887 exponere.
978 837 1141 877 Puerum
1167 838 1404 883 Antiochum

115 907 227 949 pater
257 897 476 950 Epiphanes
503 898 684 949 Philippo
717 900 873 939 cuidam
904 901 1117 940 amicorum
1152 903 1405 942 commenda-

120 969 228 1000 verat
240 991 250 1009 ‚
265 961 525 1011 expeditionis
542 960 746 1012 Elymaicae
764 963 908 1001 comiti.
928 963 1002 1003 Sed
1018 964 1147 1003 audita
1164 973 1286 1005 morte
1306 966 1404 1017 regis

118 1020 269 1073 Lyfias,
287 1021 349 1072 qui
372 1021 526 1062 relictus
551 1023 592 1062 in
612 1022 782 1062 custodia
805 1024 910 1074 regni
935 1023 1086 1073 fuerat,
1109 1025 1270 1066 tutelam
1296 1028 1406 1078 pueri

119 1085 306 1123 novennis
334 1085 551 1135 occupavit.
581 1086 699 1136 Quod
725 1085 790 1125 ubi
808 1086 940 1126 Romae
958 1086 1173 1128 Demetrius
1193 1091 1405 1142 comperit,

118 1147 226 1188 adito
255 1147 386 1187 senatu
419 1147 584 1187 ostendit
605 1179 616 1197 ,
647 1149 763 1201 patris
798 1150 931 1189 Seleuci
973 1152 1109 1190 nomine
1132 1154 1276 1205 obfidem
1301 1155 1342 1207 se
1367 1157 1406 1193 in

116 1210 229 1253 urbem
250 1211 401 1262 vetuste:
420 1211 488 1264 fich
525 1212 697 1251 Antiochi
724 1213 844 1250 deinde
864 1227 990 1266 regno,
1011 1213 1124 1266 magis
1145 1215 1231 1267 quia
1245 1230 1309 1268 per
1325 1230 1408 1256 aeta-

119 1285 187 1312 tem
212 1273 278 1327 jus
303 1276 407 1329 suum
436 1274 643 1326 nesciverit,
673 1290 774 1328 quam
803 1275 960 1328 legitima
987 1290 1031 1314 ex
1061 1276 1166 1328 caufiz
1182 1307 1193 1324 ,
1222 1279 1338 1316 eadem
1371 1274 1433 1317 in⁹

123 1336 320 1375 conditione
339 1336 582 1388 permanfiJffim
605 1352 697 1376 nunc
722 1337 825 1375 etiam
847 1338 909 1375 lzoc
925 1338 1087 1391 exstini‘lo
1101 1369 1112 1387 ,
1132 1338 1173 1390 se
1196 1339 1409 1392 obligatione

122 1398 217 1437 omni
238 1398 422 1437 liberasum
449 1399 582 1447 videri,
605 1413 800 1452 aequumque
821 1411 948 1452 putare
967 1400 1099 1439 dimitti
1120 1402 1166 1439 ab
1179 1402 1330 1455 senatu,
1353 1415 1411 1442 at.

125 1475 190 1513 que
217 1461 321 1500 etiam
341 1462 378 1499 in
402 1475 502 1514 regno
521 1463 750 1514 recuperando
776 1460 953 1514 adjuvari.
990 1464 1078 1501 Non
1107 1462 1196 1501 enim
1219 1465 1316 1502 modo
1329 1464 1412 1518 jare

117 1521 237 1579 potior
258 1522 358 1575 fiam,
388 1524 539 1575 inquit,
564 1525 738 1563 Antiochi
753 1526 838 1576 filio
854 1555 865 1574 ‚
891 1525 991 1578 cujus
1010 1538 1112 1578 pater
1129 1538 1260 1564 aetatem
1287 1529 1324 1566 δ’
1347 1529 1412 1566 al:-

118 1584 270 1637 Jentiam
294 1602 402 1625 meam
424 1589 630 1636 occafionem
652 1590 756 1640 suam
780 1600 878 1626 ratus
901 1589 945 1641 est
958 1604 975 1636 ‚·
991 1590 1060 1642 sed
1077 1604 1146 1627 non
1167 1591 1282 1628 minus
1306 1590 1411 1629 etiam

115 1644 242 1699 favori
278 1650 386 1702 vestro
408 1650 559 1700 confido.
599 1650 690 1688 Puer
725 1650 763 1688 in
795 1651 886 1689 hanc
913 1651 1027 1689 urbem
1052 1651 1134 1689 veni
1150 1666 1160 1689 .·
1188 1666 1280 1690 nunc
1312 1653 1413 1691 tertio

65 1742 68 1747 .
125 1707 163 1746 f?
188 1710 342 1763 vicesimo
368 1713 483 1751 aetatis
505 1727 624 1760 anno,
650 1724 750 1750 tanto
776 1725 920 1765 tempore
945 1714 1034 1751 inter
1055 1728 1121 1752 vos
1145 1715 1337 1762 educatus,
1364 1715 1437 1754 ci..-

127 1771 186 1809 vis
206 1772 330 1823 potius
353 1774 482 1827 vester,
508 1788 610 1826 quam
636 1787 801 1815 externus
824 1776 935 1815 videri
959 1776 1073 1815 debeo.
1115 1779 1189 1815 Vos
1213 1791 1274 1829 ego
1290 1791 1413 1829 patres

127 1832 237 1882 milti,
267 1835 396 1888 vestros
425 1836 576 1885 liberos,
609 1837 759 1889 aequales
792 1852 907 1886 meos,
933 1837 1070 1889 fratres
1095 1837 1157 1889 effe
1182 1853 1279 1876 reor:
1309 1855 1414 1892 neque

128 1895 206 1936 alia
232 1909 296 1936 aut
318 1912 385 1937 vos
410 1900 601 1938 reverentia
616 1929 628 1947 ‚
655 1912 716 1938 aut
742 1900 826 1939 illos
852 1902 999 1939 caritate
1024 1901 1213 1952 ampleblor.

184 1963 312 2007 XXV.
332 1968 423 2008 Non
445 1977 525 2008 erat
549 1970 729 2019 equidem
753 1970 814 2010 vel
835 1970 970 2019 injusta
995 1970 1177 2010 Demetrii
1204 1970 1313 2010 causa
1327 2002 1337 2018 ,
1354 1972 1416 2012 vel

132 2026 279 2077 ingrata
296 2029 430 2071 oratio.
456 2031 531 2071 Sed
552 2031 645 2070 vicit
665 2031 825 2079 utilitas,
847 2041 888 2071 ut
909 2034 1038 2083 potius
1058 2032 1306 2072 immaturum
1324 2047 1419 2084 puc-

130 2102 238 2137 rum,
256 2103 370 2142 quam
386 2101 497 2134 aetate
511 2093 663 2133 florenti
679 2094 980 2144 adolescentem,
999 2094 1213 2146 opulentiffi
1221 2109 1283 2134 mo
1297 2109 1415 2148 regno

132 2152 284 2202 praeeffe
309 2153 462 2195 vellent.
497 2156 631 2207 Itaque
658 2170 739 2195 non
768 2167 938 2197 retentus
963 2157 1080 2196 modo
1102 2156 1189 2205 i11e3
1212 2157 1274 2196 sed
1299 2159 1417 2199 etiam

133 2212 250 2264 paulo
282 2216 366 2266 post
390 2224 464 2256 tres
491 2217 604 2269 legati
633 2217 702 2258 Cn.
728 2219 936 2267 octavius,
960 2220 1023 2269 Sp.
1048 2219 1267 2266 Lucretius,
1285 2219 1326 2259 L.
1345 2221 1420 2259 Au-

134 2274 249 2319 relius
267 2277 429 2330 dekffi,
453 2281 518 2332 qui
540 2282 581 2320 in
601 2281 748 2333 Syriam
772 2282 1122 2334 proficiscerentur,
1149 2295 1195 2322 cx
1221 2282 1419 2322 voluntate

181 2400 336 2442 §xxm
362 2402 436 2435 Liv.
458 2402 504 2446 Ep
509 2403 546 2434 it.
564 2403 637 2436 1³01.
655 2414 806 2448 excerpt
822 2404 936 2448 Legat.
966 2415 1027 2441 107
1048 2405 1080 2437 δε
1104 2415 1179 2440 ιητ).
1194 2405 1236 2435 Di
1242 2406 1295 2436 ui.
1316 2416 1366 2445 3¹
1386 2416 1417 2445 ’·.

137 2445 259 2489 Polyb.
287 2446 453 2488 §XXIV
480 2447 754 2482 Machabaeorum
787 2460 826 2481 1-
813 2450 869 2481 -.6
887 2449 1113 2492 J01e1h.12,
1145 2461 1195 2487 14.
1219 2449 1419 2492 Ηὶεωιιμῃ.

139 2490 176 2524 in
191 2490 325 2525 Daniel.
356 2490 568 2536 110.Pol)b.
591 2492 742 2524 &Diozt
767 2505 819 2536 ap.
842 2493 1116 2535 Vales.Appi:.1n
1144 2494 1272 2537 Syriac-
1298 2493 1419 2539 1³:131«.

135 2545 287 2580 excerpt.
311 2535 427 2582 Legat
454 2537 947 2583 107.Ju1h11.34,3.Poly.b
976 2537 1100 2572 Zonar.
