1673 3052
298 193 384 243 118
656 196 1214 249 T1T1L1'v'11'

292 320 351 350 ex
383 301 604 366 insperato
637 304 833 352 stabilem
864 307 915 353 ad
943 307 1225 357 insistendum
1257 312 1393 360 naffls
1423 312 1578 364 Iocum

293 376 476 440 postero
504 393 690 440 quoque
720 377 790 423 die
819 378 863 425 in
883 391 972 426 tam
999 398 1108 428 cava
1129 382 1248 430 valle
1267 385 1466 448 opperiri
1485 388 1578 434 Ρο-

293 450 469 513 pillium
489 486 502 506 ,
534 466 586 495 ac
622 449 793 497 reliElas
829 468 930 498 cum
963 469 1020 499 eo
1057 454 1232 516 copias,
1256 450 1439 504 neceffe‘
1461 457 1580 505 fuitz

289 539 410 585 quos
437 524 486 570 &
506 522 625 586 ipsos
643 558 655 581 ,
678 540 781 570 cum
812 524 867 570 ab
900 523 1019 570 nulla
1041 537 1164 588 parte
1185 526 1321 575 hostis
1338 528 1578 588 terruisset,

290 598 502 644 locorum
517 598 721 660 asperitas
741 599 964 646 hostiliter
982 599 1184 647 vexavit.
1200 600 1360 649 Tertio
1380 603 1451 649 die
1469 619 1580 651 con·

289 669 450 734 junffis
484 672 628 735 copiis
652 684 761 719 eunt
794 689 873 735 per
907 672 1090 731 saltum,
1120 691 1251 738 quem
1279 674 1440 723 incolae
1461 665 1577 724 'Cat-

285 746 498 808 ‘lipeucen
530 744 771 808 appellant.
811 756 975 808 quarto
1005 744 1109 792 inde
1140 745 1214 792 die
1237 762 1316 808 per
1347 764 1472 810 aeque
1501 748 1576 795 in-

290 817 368 865 via
385 853 398 873 ‚
418 817 488 864 sed
509 817 786 864 assuetudine
820 816 1006 880 peritius
1023 853 1037 876 ,
1056 818 1106 865 &
1131 817 1318 866 meliore
1348 837 1452 868 cum
1479 820 1577 884 spe,

289 893 415 955 quod
450 910 532 940 nec
567 891 709 939 hostis
745 907 941 955 unquam
976 890 1238 954 apparebat,
1267 893 1316 939 &
1351 893 1462 939 mari
1494 910 1575 956 ap·

292 965 689 1030 propinquabant,
716 964 898 1028 degreffi
945 963 991 1009 in
1037 979 1244 1025 campos,
1273 963 1389 1012 inter
1435 966 1577 1013 Hera-

290 1039 438 1085 cleum
460 1039 510 1086 &
527 1037 788 1085 Libethrum
807 1035 1054 1098 posuerunt
1072 1035 1207 1082 castra
1224 1036 1443 1097 peditum:
1456 1053 1576 1100 quo-

287 1130 390 1159 rum
421 1129 521 1175 pars
548 1110 691 1172 major
721 1109 920 1157 tumulos
951 1108 1144 1156 tenebat.
1176 1109 1208 1155 ii
1231 1109 1421 1170 vallem,
1452 1128 1576 1158 cam-

288 1186 336 1249 pi
364 1201 548 1249 quoque
586 1197 757 1249 partem
772 1219 787 1242 ‚
807 1181 886 1230 ubi
914 1198 1048 1248 eques
1082 1181 1283 1229 tenderet
1299 1218 1312 1241 ,
1334 1183 1574 1246 amplefie-

286 1259 464 1306 bantur.

352 1335 429 1380 VI.
454 1332 642 1380 Lavanti
661 1331 752 1396 regi
767 1331 932 1379 dicitur
950 1329 1203 1377 nuntiatum
1216 1367 1230 1390 ,
1249 1330 1397 1379 hostes
1415 1331 1574 1381 adeffe.

285 1423 381 1469 quo
410 1406 574 1452 nuntio
599 1423 703 1454 cum
722 1405 912 1468 pavidus
939 1402 1172 1450 exfiluiffet
1196 1420 1220 1450 e
1245 1402 1383 1462 solio,
1400 1404 1572 1452 viEtum

286 1481 330 1527 se
356 1481 446 1527 fine
479 1480 645 1544 proelio
673 1477 905 1526 clamitans
917 1476 1154 1541 *proripuit
1171 1494 1184 1533 ;
1202 1479 1276 1534 &‚
1295 1476 1478 1524 subinde
1493 1494 1573 1541 per

286 1552 371 1599 alia
398 1565 530 1615 atque
547 1552 630 1598 alia
652 1551 815 1614 pavida
840 1549 1023 1597 confilia
1045 1551 1093 1596 &
1113 1548 1297 1611 imperia
1315 1549 1540 1612 trepidans
1557 1585 1572 1608 ,

283 1627 461 1674 duobus
485 1621 541 1674 ex
564 1626 718 1674 amicis
750 1625 912 1672 Pellam
929 1660 943 1684 ,
963 1624 1149 1671 alterum
1174 1623 1570 1687 Asclepiodotum,

283 1700 362 1746 ubi
395 1700 583 1762 pecunia
622 1700 819 1763 depofita
860 1709 982 1756 erat,
1013 1713 1068 1744 ex
1105 1696 1317 1758 praesidiis
1350 1710 1570 1754 revocat3

283 1775 530 1837 omnesque
556 1774 700 1821 aditus
727 1772 867 1835 aperit
895 1771 1031 1819 bello.
1061 1770 1181 1834 lpse,
1203 1771 1257 1818 ab
1277 1771 1376 1818 Dio·
1403 1772 1569 1820 auratis

283 1846 433 1893 statuis
466 1847 680 1894 omnibus
711 1845 897 1908 raptim,
926 1860 980 1890 ne
1012 1844 1159 1906 praeda
1191 1843 1309 1891 hosti
1341 1843 1568 1903 effent‚in

283 1922 458 1969 classem
482 1920 729 1985 congestis,
751 1918 881 1964 ocius
909 1917 1155 1980 demigrare
1185 1918 1387 1982 Pydnam
1423 1917 1569 1981 cogit:

284 1996 336 2042 &
353 2031 365 2051 ,
391 2011 493 2056 quae
526 1993 752 2040 temeritas
785 1989 979 2037 consulis
1006 1988 1150 2035 videri
1183 1989 1417 2055 potuisset·⁹
1442 1989 1568 2051 quod

283 2084 340 2114 eo
361 2067 631 2129 proceffiffet
645 2102 658 2124 ,
673 2065 790 2112 unde
815 2062 966 2110 invito
987 2061 1116 2108 hoste
1133 2061 1308 2126 regredi
1337 2061 1568 2125 nequiret,

282 2156 379 2186 eam
414 2155 509 2184 non
538 2137 835 2186 inconsultam
863 2135 1092 2182 audaciam
1120 2134 1239 2182 fecit.
1277 2136 1414 2182 Duos
1446 2134 1565 2182 enim

283 2210 441 2266 saltus,
475 2228 553 2273 per
590 2227 706 2274 quos
741 2210 843 2255 inde
882 2209 1072 2255 evadere
1112 2209 1312 2270 poffent,
1344 2209 1567 2256 habebant

282 2282 480 2328 Romani
501 2301 510 2328 :
530 2300 672 2348 imum
699 2300 778 2346 per
797 2284 969 2342 Tempe
993 2281 1039 2326 in
1066 2281 1336 2328 Thessaliam
1353 2317 1366 2339 ,
1383 2283 1567 2330 alterum

282 2353 327 2401 in
364 2354 679 2402 Macedoniam
713 2365 873 2417 praeter
901 2353 1066 2410 Dium;
1096 2370 1196 2415 quae
1227 2365 1413 2417 utraque
1437 2354 1567 2417 regiis

282 2429 551 2476 tenebantur
585 2428 812 2492 praesidiis.
843 2429 996 2491 Itaque
1026 2427 1058 2474 fi
1090 2427 1185 2495 dux¹
1212 2427 1458 2488 intrepidus
1487 2427 1566 2473 de-

281 2518 378 2551 cem
404 2502 496 2551 dies
517 2502 706 2568 primam
737 2501 929 2567 speciem
956 2500 1361 2566 appropinquantis
1382 2500 1565 2550 terroris
