1673 3052
231 189 255 233 T'
302 195 1189 246 HISTORIARUM.L113.2.XL111*;
1281 198 1374 260 109³

85 299 319 368 {nandum
338 297 438 351 cuni
460 301 619 350 infesto
647 315 850 365 tempore
871 302 975 350 anni
991 303 1249 361 censerent,
1271 302 1371 349 nul-

92 377 158 426 lis·
169 375 420 440 praeparatis
439 376 784 431 commeatibus;
806 394 906 422 cum
929 377 1127 439 inopiam
1149 376 1271 436 pnius
1289 375 1370 420 ob-

88 446 648 510 fide11te54quamsso·bseffi‚
670 446 830 492 sensuri
850 448 984 494 effent
998 485 1011 505 ,
1033 448 1221 495 maxime
1240 447 1367 511 quod

89 518 284 565 hostium
316 519 429 565 haud
457 519 619 581 procul
649 519 752 565 inde
792 519 974 565 hiberna
995 523 1161 575 ’erant;
1187 521 1368 567 territus

92 589 448 653 in'Aperantiam
475 590 611 637 ca‘stra
645 592 809 638 movit.
845 591 1081 654 Aperantii.
1109 609 1237 650 eum,
1257 608 1368 653 pro-

91 676 192 727 pter
213 665 469 712 Archidami
499 658 701 727 magnam
726 665 770 710 in
791 682 840 711 ea
861 678 988 729 gente
1010 665 1192 729 gratiam
1214 666 1367 711 auclo-

86 736 355 799 ,ritatemque
372 775 386 797 ,
408 738 625 786 consensu
656 739 860 784 omnium
887 751 1169 801 acceperunt.
1212 738 1248 784 is
1274 737 1366 801 ipse

88 812 201 858 cum*
226 812 588 875 octingentorum
609 797 813 858 ¹militum
838 812 1043 875 praesidio
1073 811 1140 858 his
1166 810 1227 857 est
1246 827 1367 873 praee

86 882 282 946 ‘pofitusw
338 918 339 921 η

154 956 321 1002 xxm.
354 954 453 1001 Rex
476 972 578 1001 cum
599 954 775 1001 minore
794 953 1038 1000 vexatione
1060 952 1367 1013 jumentorum

89 1026 414 1091 hominumque
432 1065 447 1088 ‚
474 1047 607 1091 quam
636 1040 847 1085 venerat,
872 1027 917 1073 in
948 1027 1262 1073 Macedoniam
1295 1045 1366 1074 re-

87 1100 185 1144 diit.
226 1098 420 1161 Appium
457 1115 604 1148 tamen
641 1100 696 1146 ab
737 1100 972 1145 obsidione
1006 1100 1218 1146 Phanotis
1250 1099 1364 1146 fama

89 1169 292 1216 ducentis
311 1170 365 1217 ad
391 1170 583 1218 Stratum
606 1171 749 1218 Persei
775 1170 1015 1218 submovit.
1049 1169 1239 1225 Clevas,
1260 1185 1365 1215 cum

87 1243 293 1306 praefidio
324 1244 619 1308 impigrorum
652 1244 869 1306 juvenum
903 1243 1155 1300 insecutus,
1183 1241 1260 1288 sub
1291 1259 1364 1288 ra-

88 1314 265 1362 dicibus
299 1333 442 1379 prope
468 1317 607 1364 inviis
636 1318 862 1364 montium
894 1316 949 1363 ad
976 1314 1097 1362 mille
1126 1315 1371 1364 hominum

87 1402 141 1432 ex
166 1388 339 1451 agmine
358 1389 574 1451 impedito
597 1390 856 1446 occidit‚ad
876 1390 1098 1453 ducentos
1116 1388 1248 1450 cepit.
1273 1390 1365 1450 Apr-

86 1459 187 1522 pius
203 1495 216 1516 ‚
239 1458 449 1522 superatis
480 1461 688 1524 angustiis
703 1498 715 1518 ‚
741 1462 787 1507 in
809 1477 968 1523 campo
983 1497 994 1518 ,
1017 1477 1150 1523 quem
1179 1460 1364 1506 Elaeona

85 1545 285 1592 vocant,
317 1533 472 1580 stativa
502 1535 671 1581 dierum
700 1553 950 1598 paucorum
979 1535 1145 1580 habuit.
1183 1533 1365 1580 Interim

87 1605 281 1664 Clevas‚
306 1606 494 1653 assumto
524 1608 801 1654 Philostrato
818 1644 831 1664 ,
857 1608 932 1671 qui
954 1608 1237 1669 Epirotarum
1257 1622 1364 1669 geno

83 1686 175 1722 tem
202 1677 422 1737 habebat,
448 1679 494 1726 in
514 1696 667 1742 agrum
695 1679 1048 1742 Antigonensem
1080 1678 1364 1725 transcendit.

82 1751 359 1798 Macedones
379 1754 433 1798 ad
452 1754 849 1817 depopulationem
878 1753 1067 1816 profeffi
1084 1771 1096 1809 3
1116 1752 1362 1798 Philostra-

83 1834 154 1870 tus
183 1841 284 1871 cum
311 1825 500 1873 cohorte
529 1827 602 1873 sua
628 1828 675 1873 in
704 1828 868 1874 insidiis
895 1827 1001 1873 loco
1026 1825 1221 1872 obscuro
1250 1842 1367 1871 con·

21 1939 23 1941 ,
82 1896 206 1944 sedit.
238 1897 284 1944 in
305 1899 477 1960 palatos
499 1901 792 1964 populatores
812 1919 913 1948 cum
935 1899 1174 1962 erupissent
1192 1900 1247 1945 ab
1267 1902 1362 1945 An-

82 1969 265 2032 tigonea
294 1973 478 2029 armati,
499 1972 719 2038 fugientes
740 1991 818 2021 eos
844 1974 1155 2036 persequentes
1183 1972 1362 2019 effusius

81 2041 130 2088 in
151 2044 314 2090 vallem
342 2045 540 2092 insessam
569 2048 624 2093 ab
654 2047 853 2093 hostibus
884 2046 1183 2110 praecipitant.
1218 2046 1278 2092 ibi
1307 2046 1361 2092 ad

83 2116 206 2163 mille
230 2116 388 2166 occisis
404 2151 417 2174 ,
439 2133 616 2167 centum
638 2119 775 2167 ferme
798 2122 963 2183 captis,
986 2121 1153 2183 ubique
1177 2121 1362 2183 prospe·-

82 2203 131 2234 re
159 2189 273 2251 gesta
303 2207 348 2236 re
365 2225 378 2246 ,
400 2207 542 2253 prope
564 2190 723 2238 stativa
743 2193 875 2255 Appii
897 2193 1033 2239 castra
1061 2206 1286 2249 movent,
1306 2210 1361 2239 ne

81 2274 171 2324 qua
199 2262 266 2308 vis
287 2262 419 2309 sociis
441 2263 524 2309 suis
544 2264 597 2309 ab
619 2267 831 2314 Romano
855 2268 1053 2314 exercitu
1079 2267 1232 2315 inferri
1255 2268 1362 2331 pos-

81 2333 148 2380 fit.
187 2337 388 2396 Appius,
419 2337 724 2401 nequidquam
756 2340 803 2385 in
834 2340 899 2386 his
931 2342 1044 2389 locis
1077 2355 1220 2388 terens
1248 2356 1364 2388 tem-

81 2421 193 2467 pus,
218 2406 397 2453 dimiffis
430 2409 792 2473 Chaonumque,
823 2413 872 2458 &
903 2414 932 2458 si
960 2414 1039 2476 qui
1062 2414 1134 2459 alii
1163 2414 1360 2476 Epirota:

63 2492 232 2540 erant,
251 2481 462 2544 praefidiis
474 2516 490 2540 ‚
513 2498 617 2531 cum
643 2485 804 2538 Italicis
823 2486 1038 2534 militibus
1057 2488 1104 2534 in
1128 2488 1358 2551 illyricum
