1673 3052
211 173 220 195 '
263 185 801 234 H1sToR1ARUM
837 175 1157 232 L1B.JXL1V.
1260 201 1339 243 141

74 292 238 358 Illyriis
257 291 440 357 legatis,
460 290 788 339 Thessaloniaae
816 289 1117 338 conscendere
1145 288 1255 349 juffi.
1283 288 1348 335 Ibi

72 365 366 413 Metrodorus
401 377 523 422 erat,
553 364 631 426 qui
667 381 810 426 nuper
847 365 900 409 ab
928 363 1097 409 Rhodo
1133 374 1348 409 venerat:

71 435 414 499 auctoribusque
446 433 638 482 Dinone
668 435 718 482 ὃ(
751 433 1030 498 Polyarato,
1069 432 1351 495 principibus

75 508 273 556 civitatis
293 507 412 569 ejus,
441 506 713 563 affirmabat,
747 505 954 552 Rhodios
977 517 1153 567 paratos
1178 505 1231 551 ad
1255 504 1352 551 bel-

75 581 168 627 lum
193 581 293 629 effe.
327 581 364 627 is
383 580 591 643 princeps
611 577 772 640 junC'tae
798 595 902 626 cum
924 577 1089 642 Illyriis
1116 578 1351 642 legationis

73 653 200 702 datus
219 653 295 701 est.

140 729 313 776 XXIV.
346 728 518 775 Eodem
542 737 747 791 tempore
778 728 833 774 ad
852 729 1095 774 Eumenem
1114 727 1164 773 δε
1180 726 1234 772 ad
1256 727 1352 773 An-

77 801 280 849 tiochum
308 802 564 849 communia
585 802 813 860 mandata,
835 818 938 863 quae
957 799 1170 861 subjicere
1193 801 1354 848 condi-

78 875 144 923 tio
163 891 310 922 rerum
329 887 515 936 poterat.
540 879 708 922 Natura
727 877 898 921 inimica
917 876 1081 934 interse
1099 872 1168 937 effe
1185 877 1353 920 liberam

79 949 287 994 civitatem
310 945 352 994 δ’
377 965 516 1009 regem.
555 948 759 1008 Singulos
777 951 981 1006 populum
1000 947 1242 991 Romanum
1273 963 1354 1007 ag·-

76 1023 216 1082 gredi,
248 1018 314 1078 δ’,
334 1023 446 1081 quod
464 1021 681 1082 indignius
701 1020 782 1083 fic,
812 1037 946 1081 regum
970 1022 1127 1066 viribus
1146 1037 1251 1081 reges
1275 1039 1353 1080 op-

71 1111 271 1155 pugnare.
287 1097 438 1138 Attalo
454 1092 644 1149 adjutore
661 1128 674 1151 ,
687 1109 847 1153 patrem
856 1093 983 1153 suum
1004 1091 1171 1154 oppreff
1160 1111 1242 1138 um.
1261 1095 1303 1136 E
1306 1111 1353 1137 u-

79 1187 191 1214 mene
209 1167 437 1224 adjuvante
454 1202 468 1224 ,
500 1165 543 1213 δ’
570 1171 751 1229 quadam
780 1186 834 1213 ex
856 1183 976 1227 parte
1003 1170 1126 1213 etiam
1153 1170 1354 1228 Philippo

75 1243 287 1302 patresuo
302 1276 315 1299 ‚
338 1243 593 1288 Antiochum
617 1257 912 1303 oppugnatum.
944 1243 988 1285 in
999 1240 1050 1300 se
1072 1258 1183 1285 nunc
1204 1238 1246 1286 δ’
1263 1242 1355 1286 Eu-

79 1332 234 1359 menem
254 1312 297 1360 δ’
313 1314 505 1378 Prusiam
525 1330 708 1360 armatos
732 1311 815 1377 effe.
847 1313 898 1358 Si
916 1314 1171 1358 Macedoniae
1189 1331 1357 1374 regnum

72 1387 436 1449 fitblatumforet,
460 1391 705 1449 proximam
723 1386 803 1451 As
805 1405 872 1432 am
901 1384 1003 1450 effi;
1033 1405 1156 1447 quam
1175 1386 1273 1443 jam
1303 1406 1357 1433 ex

75 1479 148 1521 pa.
141 1475 220 1515 .te‚
241 1460 325 1519 sub
338 1460 473 1520 specie
503 1461 801 1504 liberandarum
821 1460 1034 1502 civitatum
1051 1489 1064 1513 ,
1087 1456 1216 1516 suam
1241 1456 1360 1515 fece-

85 1548 198 1577 rmt:
211 1533 355 1576 deinde
369 1534 554 1591 Syriam.
573 1531 671 1578 Jam
690 1529 881 1594 Przfizm
896 1531 1076 1574 Eumeni
1090 1529 1238 1573 f'zotzore
1249 1546 1360 1587 prce-

74 1606 180 1665 ferri
194 1639 208 1662 ‚
230 1605 328 1662 jam
348 1606 606 1651 Antiochum
626 1604 813 1650 vift'orem
829 1605 1001 1662 praemio
1020 1604 1116 1646 belli
1145 1604 1196 1645 ab
1216 1604 1360 1662 AEgy-

80 1693 156 1739 pto
178 1679 314 1724 arceri.
343 1679 446 1723 Haec
472 1680 716 1738 cogitantem
739 1677 948 1736 providere
972 1672 1178 1735 jubebat,
1211 1690 1258 1718 ut
1284 1691 1359 1720 aut

85 1753 147 1796 ad
167 1768 312 1810 pacem
322 1751 463 1810 secum
483 1749 729 1807 faciendam
750 1750 996 1807 compelleret
1014 1748 1257 1803 Romanos,
1285 1765 1358 1792 aut

7 1848 11 1853 ¹
77 1825 377 1885 perseverantes
395 1826 440 1869 in
459 1826 562 1869 bello
582 1824 731 1889 injusto
750 1839 982 1868 communes
998 1824 1153 1867 duceret
1171 1822 1358 1867 omnium

87 1916 223 1960 regum
249 1898 386 1963 hcstes.
415 1896 484 1942 Ad
509 1896 786 1943 Antiochum
813 1907 960 1957 aperta
987 1894 1190 1940 mandata
1209 1906 1360 1951 erant,

88 1970 144 2016 ad
169 1971 413 2016 Eumenem
434 1985 514 2031 per
543 1968 735 2031 speciem
762 1969 1048 2031 captivorum
1070 1967 1360 2012 redimendo-

88 2057 189 2087 rum
224 2039 371 2086 mifl'us
405 2039 574 2103 legatus
607 2051 726 2086 erat:
764 2056 921 2087 verum
955 2037 1211 2085 occultiora
1239 2055 1363 2102 quae-

89 2115 190 2160 dam
213 2113 485 2177 agebantur,
510 2130 611 2176 quae
639 2114 687 2159 in
713 2113 943 2176 praesentia
963 2111 1160 2158 invisum
1182 2113 1361 2175 quidem

90 2187 141 2233 &
173 2184 413 2247 suspeRum
446 2185 662 2232 Romanis
695 2188 939 2231 Eumenem
982 2184 1097 2230 falfis
1136 2184 1362 2248 graviori-

91 2259 174 2306 bus
196 2261 279 2305 **.
312 2259 524 2305 Proditor
556 2260 675 2306 enim
715 2276 766 2306 ac
799 2274 943 2322 prope
982 2257 1120 2304 hostis
1159 2258 1363 2315 habitus,

93 2330 201 2377 dum
219 2329 335 2377 inter
361 2331 402 2377 se
418 2331 509 2377 duo
535 2347 657 2394 reges
684 2342 906 2393 captantes
929 2329 1085 2375 fraude
1110 2331 1158 2375 ὅ(
1179 2328 1363 2375 avaritia

94 2413 279 2448 certant.
320 2403 470 2466 Cydas
507 2418 601 2449 erat
633 2404 883 2458 CretensiS,
915 2418 970 2447 ex
1002 2401 1170 2446 intimis
1202 2403 1363 2445 Eume·

95 2472 194 2521 nis:
220 2473 292 2520 hic
320 2474 443 2537 prius
473 2474 528 2520 ad
546 2474 858 2536 Amphipolim
885 2490 986 2519 curn
1008 2473 1223 2518 Chimaro
1251 2487 1365 2535 quo-
