1673 3052
319 204 417 256 '400
487 196 580 244 JO.
623 190 1113 241 FREINSHEMII
1154 188 1501 238 SUPPLEM

324 308 361 345 ἃ
383 304 612 356 Hipponem
632 299 811 363 regionis
814 299 1030 349 interJacet‚
1053 296 1328 338 contributum.
1349 297 1486 348 Neque
1508 295 1600 338 Nus

320 365 450 405 midiae
474 375 579 416 reges
603 361 671 402 suo
695 361 782 400 sunt
802 339 964 429 praemio
987 360 1216 400 defraudati.
1240 359 1407 406 Ceteris,
1429 371 1597 410 quorum

321 440 449 479 neque
471 424 668 472 officium,
684 434 808 472 neque
831 420 970 470 injuria
994 420 1146 471 insignis
1172 420 1320 469 fuerat,
1342 419 1530 460 tributum
1545 421 1598 460 est

320 486 601 541 impolitum,
591 499 630 525 in
652 497 786 537 agros,
808 485 847 524 &
867 482 1017 534 capita:
1040 483 1218 534 factaque
1240 482 1460 534 provincia,
1483 494 1601 534 quam

321 552 454 593 miffus
478 548 684 602 quotannis
702 546 753 586 ab
776 544 870 585 urbe
891 552 1029 596 praetor
1051 543 1258 583 obtineret.
1287 544 1384 585 Haec
1399 543 1465 584 ubi
1488 556 1602 582 man-

320 615 412 656 data
423 614 541 665 legati
553 610 771 658 ed1derunt
783 608 948 649 Romam
962 605 1048 645 sunt
1068 604 1213 645 reverli.
1233 606 1385 656 Scipio,
1403 604 1600 656 perfectis,

322 689 408 730 quae
434 675 587 715 senatus
614 678 864 724 praeceperat,
889 668 1066 720 exemplo
1092 668 1211 719 patris
1237 666 1404 714 AEmssii,
1428 668 1494 718 qui
1515 667 1600 719 post

321 736 622 782 Macedonicam
643 733 842 773 victoriam
864 732 1003 771 eodem
1027 743 1165 782 genere
1182 729 1484 781 magnificentiae
1510 731 1603 770 Am-

322 800 477 854 phipoli
511 800 638 838 fuerat
665 795 775 844 usus,
807 795 948 835 eximia
983 792 1219 845 spectacula,
1248 794 1373 832 omnis
1403 792 1602 844 elegantiae

325 876 407 903 non
422 861 540 901 modo
566 859 686 910 judex
710 858 900 907 idoneus,
916 855 982 896 sed
1004 857 1124 896 etiam
1149 854 1424 896 sollertiffimus
1450 857 1605 905 auctor,

325 924 462 965 edidit.
1603 957 1606 961 ,

381 994 583 1036 LVI.Haec
594 991 791 1032 calamitas
806 989 1093 1042 Carthaginem,
1110 989 1193 1040 post
1214 987 1475 1042 septingentos
1491 1001 1608 1041 quam

328 1057 486 1097 condita
507 1056 632 1096 fuerat
657 1066 802 1101 annos,
830 1052 983 1093 delevit.
1008 1050 1180 1093 Alterum
1209 1064 1303 1092 mox
1329 1050 1608 1091 imbecillitatis

326 1119 582 1160 humanarum
607 1128 733 1156 rerum
756 1116 797 1154 in
822 1115 919 1154 urbe
944 1116 1070 1153 minus
1101 1121 1282 1163 potente,
1311 1113 1375 1153 sed
1403 1127 1508 1164 aeque
1530 1127 1608 1153 no—

328 1182 411 1230 bili,
431 1183 707 1221 documentum
721 1177 874 1217 fortuna
894 1176 1001 1215 dedit
1014 1205 1024 1223 ,
1048 1174 1256 1214 evertenda
1280 1187 1347 1225 per
1364 1175 1607 1215 occasionem

327 1244 586 1286 Achaicorum
612 1250 790 1280 motuum
811 1237 1009 1279 Corintho„
1035 1237 1123 1286 Ejus
1144 1235 1262 1275 cladis
1287 1237 1480 1287 praecipua
1495 1236 1609 1286 culpa

327 1319 444 1359 penes
467 1304 678 1345 Critolaum
704 1302 797 1350 fuit,
819 1301 899 1352 pari
924 1299 1114 1350 imperitia
1136 1300 1171 1338 Sc
1191 1297 1288 1338 fastu
1311 1298 1484 1338 Romana
1504 1310 1610 1337 arma

330 1366 628 1421 pertinacissime
652 1373 940 1418 provocantem.
975 1364 1075 1403 Cum
1103 1362 1208 1401 enim
1244 1360 1336 1400 hinc
1363 1362 1449 1401 Sex.
1486 1361 1610 1408 Julius

332 1431 482 1479 Roma,
504 1428 596 1467 inde
618 1425 878 1478 Peloponneso
899 1424 1112 1467 Theai-idas
1134 1421 1288 1474 egressi,
1315 1430 1451 1462 mutuo
1475 1421 1543 1461 fibi
1569 1422 1611 1460 in

332 1494 469 1533 itineie
483 1489 748 1538 occurriffent‚
762 1487 1032 1538 Romanusque
1048 1518 1058 1534 2
1066 1487 1107 1539 se
1125 1484 1242 1537 affirre
1261 1486 1408 1537 senatus
1426 1485 1610 1531 mandam,

337 1556 503 1602 diceret,
530 1552 645 1592 ambo
677 1553 716 1591 in
745 1550 931 1600 AchaJam
965 1550 1051 1588 sunt
1084 1548 1261 1599 profecti.
1292 1547 1367 1588 Ubi
1397 1558 1484 1584 cum
1510 1545 1611 1595 AEgii

338 1618 539 1659 confilium
561 1617 695 1656 datum
719 1614 813 1654 effet
833 1614 1042 1662 Romanis,
1059 1614 1141 1653 Sex.
1166 1610 1289 1659 Julius
1303 1640 1314 1658 ‚
1331 1610 1499 1649 humana
1524 1621 1614 1648 ora-

336 1683 442 1722 tione
476 1679 675 1731 praesentes
711 1677 903 1717 allocutus
918 1707 930 1726 ‚
965 1677 1112 1715 crimen
1151 1675 1191 1713 in
1227 1672 1374 1724 legatos
1410 1672 1613 1712 admissum

335 1746 454 1783 etiam
481 1742 707 1782 clementius
720 1770 732 1788 ,
744 1752 861 1790 quam
875 1739 941 1790 ipsi
958 1738 1077 1778 ferme
1093 1734 1248 1784 Achaei,
1264 1734 1611 1787 interpretabatur,

336 1814 379 1846 ut
411 1812 639 1857 appareret,
676 1802 781 1842 haud
812 1813 952 1853 magno
987 1800 1144 1851 negotio
1184 1797 1356 1838 satisfieri
1386 1797 1455 1836 fibi
1489 1797 1537 1836 de
1566 1809 1613 1835 eo

336 1865 511 1908 senatum
533 1863 750 1917 passurum:
774 1863 869 1903 dum
893 1875 942 1902 ne
969 1861 1061 1913 quid
1083 1859 1241 1899 ulterius
1264 1858 1358 1899 vel
1348 1871 1388 1897 1n
1412 1857 1512 1909 ipsos
1540 1856 1616 1896 Ro-

340 1941 498 1977 manos,
520 1927 582 1967 vel
608 1934 740 1966 contra
769 1923 911 1965 horum
933 1925 1087 1964 decreta
1115 1921 1154 1960 in
1185 1920 1496 1962 Lacedaemonios
1519 1931 1617 1970 pec-

341 1998 505 2031 caretur.

397 2061 510 2103 LVII.
530 2061 662 2112 Quare
687 2058 873 2112 quidquid
898 2060 939 2097 in
961 2057 1124 2097 concilio
1149 2057 1282 2096 sanum
1302 2064 1402 2104 erat,
1429 2063 1616 2108 gratanter

343 2124 448 2162 hunc
470 2122 682 2162 sermonem
713 2132 923 2171 excepere,
947 2119 1093 2159 conscii
1121 2118 1407 2157 commissorum
1425 2148 1436 2165 ‚
1468 2120 1503 2157 ὃς
1531 2130 1613 2167 quae

345 2198 460 2236 poena
486 2183 622 2234 populi
645 2183 814 2223 Romani
836 2180 959 2219 hostes
989 2190 1182 2227 maner-et,
1207 2188 1295 2218 ante
1315 2178 1450 2218 oculos
1473 2178 1620 2217 versan-

346 2258 384 2288 te
403 2247 668 2288 Macedonum
689 2243 868 2296 exemplo
889 2243 1094 2284 admoniti.
1124 2243 1201 2283 Sed
1223 2242 1358 2294 vulgus
1377 2243 1617 2293 imperitum,

394 2392 416 2434 G
441 2389 510 2423 LV.
533 2388 686 2422 Strab.1
715 2396 766 2428 17.
796 2385 985 2431 Appianus.
1015 2384 1094 2417 Liv.
1120 2382 1210 2428 Epit.
1229 2381 1305 2416 Liv.
1326 2394 1393 2427 43,
1415 2393 1470 2426 32.
1492 2381 1622 2426 §LVI

351 2446 538 2489 Appianus.
560 2442 725 2486 Vellejus.
751 2440 907 2473 Orofius.
931 2440 1051 2472 Cicero
1071 2438 1110 2470 de
1129 2437 1205 2470 Nat.
1229 2436 1333 2470 Deor.
1361 2447 1399 2478 3,
1425 2435 1477 2477 38.
1503 2434 1622 2467 florus

358 2509 389 2537 ι,
413 2496 599 2539 16.}01yb.
622 2502 773 2536 excerp-t
793 2491 907 2535 Legat.
931 2501 1007 2531 154.
1030 2488 1222 2522 Pausanias
1243 2487 1520 2529 1.7.P01yb'1us,
