1673 3052
279 199 345 249 μ
638 179 1211 230 T1T1L1v11

279 295 437 340 decem
465 306 611 339 annos
642 290 689 336 in
711 290 872 337 eodem
901 289 1013 336 statu
1044 289 1205 336 fuiss'et.
1237 291 1302 336 Ita
1326 299 1378 336 ut
1396 285 1578 337 censue·

281 378 408 424 rant,
427 365 474 411 in
488 362 724 427 Capitolio
746 361 886 409 vovit
900 362 1061 409 consul
1080 362 1210 408 ludos
1229 360 1324 408 fieri
1339 397 1354 420 ,
1371 362 1582 410 donaria·

281 457 372 503 que
393 437 513 494 dari,
532 447 697 499 quanta
715 451 771 480 ex
801 434 994 498 pecunia
1015 433 1227 481 decresset
1247 424 1450 494 fenenne»,
1474 452 1580 483 cum

283 525 468 560 centum
496 512 546 559 &
567 509 896 574 quinquaginta
926 523 1021 553 non
1052 506 1199 565 minus
1227 509 1438 557 adeffent.
1459 525 1581 573 prae-

280 597 414 632 eunte
451 583 590 632 verba
618 581 791 644 Lepido
829 577 1047 645 pontifice
1078 578 1276 628 maximo
1295 616 1309 639 ‚
1342 582 1390 629 id
1416 572 1579 629 votum

282 656 534 719 susceptum
565 655 641 701 est.
673 657 741 700 Eo
765 671 886 701 anno
908 652 1161 699 sacerdotes
1190 652 1365 715 publici
1382 653 1552 702 mortui
1563 689 1579 711 ,

281 733 331 780 L.
345 730 549 778 AEmilius
567 731 711 792 Papus
723 727 955 776 decemvir
970 727 1199 775 sacrorum
1215 762 1229 786 ,
1245 723 1296 775 δὲ
1310 729 1372 788 Q.
1389 728 1580 776 Fulvius

281 805 467 854 Flaccus
499 802 738 867 pontifex,
771 801 850 865 qui
882 800 1036 864 priore
1069 816 1193 848 anno
1225 799 1369 849 fuerat
1403 800 1579 849 censor.

280 881 374 928 Hic
407 881 530 927 foeda
549 891 697 926 morte
732 876 878 941 periit.
909 879 979 923 Ex
1009 875 1190 924 duobus
1217 873 1320 923 filiis
1347 875 1472 938 ejus,
1498 875 1580 940 qui

281 964 378 1000 tum
407 953 453 998 in
475 952 666 1017 Illyrico
694 950 979 1008 militabant,
1006 948 1264 995 nuntiatum
1285 949 1478 996 alterum
1498 949 1580 997 de-

283 1024 448 1073 ceflifl'e
464 1060 478 1081 ‚
509 1023 700 1071 alterum
726 1022 852 1087 gravi
873 1023 922 1069 &
944 1019 1203 1084 periculoso
1220 1022 1387 1081 morbo
1411 1038 1581 1086 aegrum

283 1097 384 1146 effe.
417 1097 588 1145 Obruit
617 1096 817 1144 animum
839 1095 967 1141 fimul
988 1094 1132 1141 luelus
1157 1094 1416 1157 metusque:
1448 1112 1582 1143 mane

283 1170 464 1235 ingreffi
502 1168 764 1218 cubiculum
795 1166 914 1215 servi
947 1166 1112 1229 laqueo
1148 1166 1474 1230 dependentem
1507 1167 1583 1215 in-

282 1262 464 1294 venere.
496 1248 602 1292 Erat
622 1243 785 1308 opinio
799 1278 813 1300 ‚
834 1240 935 1305 post
957 1240 1185 1289 censuram
1219 1241 1367 1289 minus
1387 1257 1582 1304 compo·

282 1335 373 1368 tem
394 1319 519 1368 fuiffe
543 1318 634 1366 sui:
668 1317 810 1381 vulgo
831 1315 1025 1364 ‚lunonis
1042 1314 1239 1361 Laciniae
1261 1314 1374 1361 iram
1397 1315 1460 1361 ob
1480 1313 1582 1377 spo·

282 1393 441 1442 liatum
463 1391 683 1456 templum
716 1388 922 1437 alienafi'e
950 1398 1150 1433 mentem
1173 1385 1392 1434 ferebant.
1439 1387 1584 1433 Suffe-

283 1471 380 1517 &us
414 1468 460 1514 in
490 1466 664 1514 AEmilii
683 1464 839 1511 locum
872 1458 1105 1507 decemvir
1133 1462 1194 1506 Μ.
1223 1459 1431 1506 Valerius
1462 1457 1585 1506 Mes-

284 1542 422 1591 salla:
456 1541 505 1588 in
543 1539 692 1587 Fulvii
734 1535 946 1601 pontifex
988 1534 1077 1582 Cn.
1113 1532 1355 1580 Domitius
1395 1534 1584 1582 Aheno-

285 1616 476 1672 barbus,
500 1614 678 1679 oppido
717 1609 978 1659 adolescens
1011 1607 1217 1655 sacerdos
1245 1608 1400 1656 leflus.

358 1690 535 1737 XXIX.
572 1690 620 1736 P.
651 1684 863 1742 Licinio,
897 1684 952 1729 C.
984 1681 1133 1729 Caffio
1171 1681 1461 1740 consulibus,
1489 1696 1587 1730 non

289 1763 400 1811 urbs
441 1773 613 1808 tantum
658 1761 833 1814 Roma,
866 1771 950 1801 nec
989 1765 1107 1799 terra
1144 1753 1292 1812 ltalia,
1322 1753 1397 1801 sed
1426 1770 1588 1800 omnes

291 1853 416 1900 reges
437 1832 735 1896 civitatesque
751 1867 765 1890 ‚
786 1847 887 1894 quae
908 1828 954 1874 in
976 1830 1182 1890 Europa,
1210 1843 1402 1891 quaeque
1422 1827 1468 1873 in
1490 1827 1588 1874 Asia

293 1922 448 1968 erant,
476 1918 798 1956 converterant
833 1904 1010 1951 animos
1030 1903 1077 1948 in
1114 1919 1266 1950 curam
1296 1901 1589 1949 Macedonici

295 2003 348 2033 ac
380 1983 580 2031 Romani
608 1982 733 2029 belli.
761 1984 1010 2028 Eumenem
1038 1995 1140 2024 cum
1173 1988 1303 2024 vetus
1324 1975 1480 2023 odium
1509 1975 1588 2023 sti·

294 2057 524 2115 mulabat‚
551 2069 646 2102 tum
682 2072 837 2102 recens
866 2055 930 2100 ira
947 2090 960 2111 ‚
985 2051 1109 2115 quod
1131 2051 1293 2098 scelere
1321 2049 1416 2110 ejus
1440 2066 1588 2113 prope

296 2144 346 2178 ut
381 2130 565 2179 viElima
592 2132 808 2176 maffatus
839 2128 1032 2191 Delphis
1064 2127 1180 2174 effet.
1214 2125 1406 2183 Prufias,
1429 2124 1590 2190 Bithy-

295 2205 386 2252 niae
405 2221 486 2252 rex
501 2238 516 2261 ,
539 2204 749 2251 statuerat
766 2202 984 2250 abstinere
1006 2200 1161 2255 armi3‚
1182 2211 1489 2262 eventumque
1508 2215 1592 2245 ex·-
1652 2205 1657 2214 ‘⁴

299 2279 505 2340 speclare.
538 2294 640 2325 nam
669 2294 816 2341 neque
839 2292 924 2340 pro
958 2274 1176 2321 Romanis
1204 2273 1246 2319 se
1279 2289 1454 2336 aequum
1481 2288 1591 2318 cen·-

302 2353 397 2399 sere
427 2353 640 2399 adversus
669 2352 848 2399 fratrem
881 2350 1038 2396 uxoris
1070 2365 1191 2394 arma
1222 2347 1369 2402 ferre;
1404 2347 1453 2392 &
1472 2343 1592 2408 apud

303 2425 456 2472 Persea
486 2426 708 2472 vfflmem
729 2425 908 2474 veniam
930 2438 1009 2486 per
1034 2421 1236 2468 sororem
1262 2417 1590 2483 impetrabilem

305 2499 425 2548 fore.
467 2501 751 2557 Ariarathes,
783 2500 1113 2563 Cappadocum
1146 2514 1256 2555 rex,
1293 2505 1590 2559 praeterquam
