1673 3052
309 179 728 228 HISTORIAR
748 180 856 227 ΠΜ
891 179 1014 227 ME.
1049 180 1213 227 XMV.
1319 181 1406 243 167

108 296 208 334 {am
238 284 461 333 orabant:
495 286 544 332 &
563 300 664 335 curn
699 277 881 346 scaphas
908 300 1178 331 concurrere
1208 282 1413 347 undique

116 360 174 408 ab
205 358 399 406 navibus
432 369 696 416 cernerent,
721 357 776 404 ad
806 356 1098 420 excipiendos
1131 355 1218 403 sese
1249 356 1411 403 venire

114 432 231 488 rati,
248 444 299 480 ut
321 443 534 495 caperem
553 430 732 495 potius,
749 447 887 494 quam
914 429 1200 485 occiderent,
1228 428 1410 493 longius

113 504 166 552 in
193 522 383 569 aquam,
402 504 588 568 quidam
616 504 747 550 etiam
778 514 1011 561 natantes,
1041 503 1259 567 progressi
1291 503 1410 549 sunt.

117 583 206 630 Sed
225 599 328 632 cum
349 581 571 629 hostiliter
591 598 615 628 e
637 580 809 643 scaphis
829 582 1108 628 caederentur
1121 617 1135 640 ,
1151 593 1275 627 retro
1289 616 1305 639 ,
1328 578 1409 643 qui

112 667 356 721 poterant,
388 654 541 702 nando
571 665 821 716 repetentes
850 666 1042 712 terram,
1073 654 1121 700 in
1155 653 1285 700 aliam
1313 652 1406 700 foe-

115 726 292 774 diorem
314 725 480 789 pestem
511 725 786 773 incidebant.
821 725 1053 788 elephanti
1077 725 1222 784 enim,
1249 725 1305 771 ab
1332 740 1407 770 re·-

114 799 317 848 &oribus
355 799 410 845 ad
442 798 546 845 litus
579 798 684 856 εἰῇ,
718 810 933 845 exeuntes
967 799 1237 845 obterebant
1268 798 1407 844 elide-

115 872 330 936 bamque.
368 870 514 917 Facile
549 871 880 930 conveniebat,
912 871 1133 919 Romanis
1174 888 1405 934 nunquam

117 962 206 992 una
243 945 339 993 acie
381 956 556 991 tantum
602 944 910 991 Macedonum
943 944 1242 992 interfeihim.
1279 943 1407 991 Caesa

116 1016 236 1065 enim
255 1018 310 1064 ad
335 1015 497 1081 viginti
519 1015 663 1063 millia
690 1016 930 1063 hominum
961 1017 1060 1064 sunt
1080 1037 1090 1064 :
1110 1018 1165 1065 ad
1195 1016 1269 1064 sex
1302 1016 1406 1063 mil-

115 1089 200 1147 lia,
219 1088 297 1152 qui
312 1090 519 1154 Pydnam
539 1105 596 1135 ex
623 1088 720 1136 acie
742 1088 1052 1154 perfugerant,
1073 1090 1177 1138 vivi
1198 1090 1246 1137 in
1272 1102 1405 1152 pote-

116 1162 272 1208 statem
300 1172 607 1224 pervenerunt
627 1178 639 1207 :
659 1162 710 1208 &
735 1161 841 1223 vagi
864 1178 887 1207 e
914 1160 1019 1224 fuga
1047 1161 1245 1225 quinque
1266 1161 1407 1208 millia

117 1236 356 1283 hominum
383 1247 523 1299 capta.
544 1238 613 1282 Ex
636 1234 886 1283 victoribus
907 1236 1169 1283 ceciderunt
1191 1253 1286 1283 non
1306 1236 1407 1299 plus

116 1322 324 1369 centum,
347 1310 397 1357 &
427 1327 588 1357 eorum
614 1310 760 1356 multo
786 1308 931 1371 major
954 1326 1054 1372 pars
1081 1309 1265 1373 Peligni.
1302 1309 1408 1357 vul-

116 1384 261 1432 nerati
287 1384 521 1449 aliquanto
545 1384 694 1447 plures
717 1384 831 1431 sunt.
866 1385 1009 1444 Quod
1031 1384 1061 1430 fi
1081 1383 1296 1431 maturius
1323 1400 1408 1446 pn-

117 1459 246 1523 gnari
268 1472 474 1522 coeptum
492 1459 624 1518 effet,
644 1470 697 1506 ut
724 1458 826 1505 satis
847 1458 935 1505 diei
964 1457 1211 1507 victoribus
1234 1458 1289 1504 ad
1307 1475 1408 1522 per-

119 1533 391 1597 sequendum
414 1532 677 1597 superesset,
707 1532 863 1579 deletae
883 1548 1042 1579 omnes
1062 1532 1208 1594 copiae
1226 1531 1408 1580 forent:

116 1624 241 1655 nunc
261 1606 500 1655 imminens
526 1622 624 1653 nox
645 1607 697 1654 ὅτ.
715 1604 934 1669 fugientes
962 1605 1095 1664 texit,
1115 1606 1166 1653 &
1188 1605 1412 1653 Romanis·

117 1678 343 1744 pigritiem
365 1679 419 1726 ad
438 1678 715 1743 sequendum
744 1678 858 1726 locis
878 1678 1045 1743 ignotis
1073 1677 1195 1726 fecit.

194 1751 349 1797 XLIII.
381 1749 564 1797 Perseus
596 1749 654 1797 ad
690 1750 878 1798 Pieriam
902 1751 1060 1798 filvarn
1091 1750 1164 1798 via
1196 1749 1410 1809 militari,

117 1823 344 1888 frequenti
370 1822 547 1886 agmine
567 1823 770 1887 equitum
794 1826 845 1872 ὃ(
868 1825 994 1888 regio
1014 1826 1231 1873 comitatu
1246 1860 1259 1884 ,
1282 1824 1410 1888 fugit.

118 1895 259 1944 Simul
282 1895 329 1942 in
361 1895 519 1943 silvam
540 1908 731 1944 ventum
752 1896 814 1944 est
828 1933 842 1955 ,
861 1897 940 1943 ubi
964 1897 1112 1960 plures
1133 1897 1321 1945 diversae
1345 1896 1411 1944 se-

118 1968 242 2016 mitae
269 1980 421 2026 erant,
445 1969 494 2016 &
524 1985 620 2016 nox
643 1970 1060 2034 appropinquabat3
1082 1987 1186 2017 cum
1213 1987 1410 2033 perpau-

118 2041 185 2088 cis
203 2039 396 2090 maxime
414 2038 514 2087 fidis
536 2040 611 2089 via
633 2041 835 2090 divertit.
858 2043 1042 2106 Equites
1057 2078 1070 2101 ‚
1092 2041 1182 2090 fine
1203 2043 1318 2090 duce
1339 2058 1413 2088 re·

120 2113 214 2162 liffl
229 2151 243 2174 ,
261 2114 336 2161 alii
357 2114 440 2161 alia
459 2113 504 2160 in
526 2114 729 2162 civitates
751 2114 847 2162 suas
875 2115 1029 2178 dilapsi
1048 2114 1151 2162 sunt
1169 2133 1181 2163 :
1199 2114 1413 2179 perpauci

120 2186 226 2234 inde
247 2187 412 2235 Pellam
439 2187 624 2234 celerius
639 2223 654 2247 ,
675 2204 810 2251 quam
834 2187 924 2251 ipse
945 2189 1149 2247 Perseus,
1173 2187 1276 2252 quia
1297 2189 1412 2235 reeta

123 2259 331 2322 expedita
357 2259 431 2309 via
458 2258 626 2317 ierant,
657 2272 978 2322 pervenerunt.
1012 2262 1111 2308 Rex
1143 2261 1196 2308 ad
1219 2261 1411 2307 mediam

123 2331 264 2379 ferme
291 2333 470 2380 noclem
503 2344 677 2380 terrore
705 2335 755 2379 δι
789 2327 928 2381 variis
956 2334 1291 2381 difficultatibus
1323 2332 1414 2379 viae

122 2416 312 2452 vexatus
345 2406 421 2453 est.
461 2407 510 2451 In
545 2405 667 2469 regia
699 2405 890 2464 Perseo,
911 2407 990 2469 qui
1026 2406 1157 2453 Penae
1193 2417 1414 2468 praeerat‚

122 2478 288 2527 Euctus
315 2478 514 2544 regiique
539 2479 667 2545 pueri
694 2479 856 2544 praesto
875 2492 1015 2527 erant.
1043 2493 1204 2528 contra
1227 2495 1277 2527 ea
1299 2478 1414 2527 ami-³

1078 2557 1178 2615 L4
