1673 3052
212 197 346 246 '1N
396 195 582 243 LoC.
633 196 781 245 ΜΒ.
833 199 1021 246 XLIX
1071 199 1223 246 le.
1333 210 1430 266 339'

130 304 266 348 Semel
295 307 414 345 not‘tu
440 305 542 344 facta
570 303 796 355 eruptione,
815 304 952 343 fofl'am
974 304 1153 346 adversus
1177 306 1216 346 se
1246 307 1430 360 dudam,

137 378 208 417 per
232 366 407 415 tabulas,
433 378 525 416 quas
559 378 650 404 eum
684 365 732 404 ad
760 364 871 404 usum
894 374 1163 417 portaverant,
1180 368 1405 419 superarunt
1418 385 1438 419 ,’

134 425 362 479 'vallumque
379 427 537 479 aggressi
567 426 653 466 sunt
678 426 908 467 convellere.
928 427 1092 478 Jamque
1112 429 1152 467 in
1177 443 1316 484 magna
1340 444 1436 472 con-

135 489 364 529 sternatione
395 503 454 529 res
480 490 668 529 exercitus
700 499 829 538 erant,
862 492 976 528 noCte
1004 490 1216 530 tumultum
1241 503 1435 545 augente,

130 554 180 600 ⁴&
201 561 377 591 morante
408 551 563 591 consilia
589 565 635 590 ac
663 553 848 602 imperia3
877 564 966 591 cum
991 554 1028 592 P.
1059 555 1188 605 Scipio
1217 568 1307 596 cum
1332 560 1440 609 equi-

135 614 243 654 tibus
265 628 333 666 per
368 614 537 654 aversam
561 615 608 654 ab
635 614 740 653 hoste
772 623 923 665 portam
947 616 1136 667 egressus,
1165 627 1351 661 terrorem
1378 623 1436 661 in..

134 679 229 728 jecit
256 679 410 718 Poenis:
444 691 611 728 quorum
640 691 730 716 cum
761 677 865 717 h'aud
894 678 1033 729 pauci,
1059 681 1226 720 maxime
1256 696 1306 722 ex
1329 685 1439 724 iner-

138 739 290 787 mibus,
318 738 564 786 cecidiffent,
598 739 734 790 reliqui
759 738 987 778 receffiss'ent
1013 742 1111 780 intru
1138 756 1290 794 murOS,
1307 747 1344 786 P.
1357 748 1440 787 Sci-

137 800 204 852 pio
232 799 466 840 servatorum
500 813 546 839 eo
577 809 752 851 tempore
779 802 986 841 castrorum
1011 805 1244 855 praecipuam
1272 808 1439 859 gloriam

134 863 239 902 tulit.
273 863 331 904 Ab
348 862 424 902 hoc
449 863 589 914 proelio
612 864 784 903 timidior
807 864 931 904 fadus
948 865 1096 916 consul,
1117 871 1254 919 majori
1274 871 1438 923 diligen-

137 927 194 965 tia
226 925 342 965 castra
363 925 622 972 communiit,
652 924 740 964 loco
766 925 856 965 valli
872 940 983 965 muro
1008 928 1295 980 circumducto,
1325 935 1361 973 ἃ.
1386 934 1441 973 ad

139 1001 247 1027 mare
283 985 435 1026 castello
470 988 666 1033 excitato,
702 988 808 1040 quod
845 986 1131 1039 appellentibus
1163 1004 1253 1032 cum
1285 1006 1440 1034 annona

138 1050 322 1102 onerariis
354 1049 573 1101 praesidium
602 1050 706 1089 efl‘et.

195 1119 335 1160 XLVI.
361 1120 458 1164 Inde
485 1120 524 1159 in
543 1122 825 1162 mediterranea
839 1122 928 1163 loca
944 1123 1111 1176 suscepit
1125 1129 1439 1181 expeditionem,

138 1182 254 1224 lectis
278 1183 326 1223 ad
350 1181 427 1222 hoc
454 1183 590 1223 decem
619 1184 820 1234 peditum,
849 1186 1003 1226 duobus
1030 1191 1208 1239 equitum
1235 1192 1441 1244 millibus,

140 1245 300 1295 ibatque
324 1258 391 1296 per
413 1258 524 1296 agros
550 1246 716 1285 hostium
738 1247 1066 1298 populabundus:
1086 1251 1163 1290 hoc
1180 1254 1373 1305 instituto,
1393 1266 1440 1297 ut

139 1308 290 1358 quoties
317 1306 531 1358 lignatum,
555 1317 620 1347 aut
635 1308 884 1359 pabulatum,
913 1311 1246 1355 frumentatumve
1264 1331 1351 1367 pars
1368 1331 1439 1358 co-

136 1371 294 1420 piarum
319 1370 574 1418 emitteretur,
601 1371 744 1410 tribuni
761 1371 951 1421 militum,
972 1374 1037 1413 sua
1063 1376 1221 1427 quisque
1242 1380 1327 1419 vice
1342 1395 1439 1432 prae-

135 1432 270 1472 essent.
317 1432 361 1472 Id
389 1446 542 1483 quoque
570 1433 760 1483 Scipionis
787 1435 933 1473 famam
964 1440 1252 1487 comparatione
1283 1453 1438 1484 cetero-

138 1507 226 1533 rum
257 1493 466 1533 illustravit.
505 1494 605 1534 Cum
625 1494 800 1535 Phamaea
827 1498 1027 1547 negotium
1048 1509 1150 1549 erat,
1169 1502 1249 1542 viro
1272 1506 1441 1554 perstre*

137 1570 241 1605 nuo,
275 1556 341 1606 qui
372 1563 484 1595 aetate
514 1558 550 1596 8<
581 1557 742 1596 audacia
770 1567 970 1608 promtus,
995 1572 1084 1599 cum
1110 1565 1216 1612 equis
1243 1568 1370 1615 parvis
1401 1571 1438 1609 ὣ

139 1618 349 1665 celeribus,
371 1619 422 1657 ad
446 1618 590 1657 famem
617 1618 793 1670 sitimque
819 1620 1017 1660 ferendam
1043 1623 1279 1677 assuefactis,
1301 1629 1327 1667 fi
1352 1643 1436 1670 mo-

140 1682 230 1720 dico
258 1681 413 1719 interim
442 1682 616 1731 gramine
643 1681 916 1732 reficerentur,
946 1687 1078 1724 onmia
1112 1689 1284 1737 quotidie
1310 1691 1435 1733 intuta

131 1744 351 1795 :infestaque
370 1744 554 1784 Romanis
571 1744 776 1784 efficiebat.
793 1747 901 1798 Saepe
918 1747 1133 1799 longissime
1154 1751 1280 1792 abess'e
1303 1757 1437 1796 credi-

138 1817 225 1856 tus,
237 1808 280 1846 in
300 1808 529 1858 propinquis
547 1808 719 1856 arbustis,
735 1809 942 1850 valliumve
958 1813 1215 1855 confractibus
1235 1816 1434 1861 latitabat:

140 1869 246 1910 unde
257 1867 366 1907 simul
382 1868 524 1908 alicubi
542 1870 734 1910 remiffum
753 1871 899 1922 aliquid
917 1873 1182 1927 negleftumve
1197 1877 1374 1929 senserat,
1393 1883 1435 1922 in

132 1943 292 1971 morem
317 1929 451 1980 aquilae
471 1931 722 1981 provolabat3
750 1934 969 1985 damnoque
984 1967 994 1984 ,
1015 1948 1157 1986 quanto
1180 1948 1354 1990 poterat,
1370 1945 1438 1983 da..

138 1992 435 2044 to,priusquam
451 1995 719 2034 circumveniri
742 1997 887 2047 posset,
913 1999 1054 2038 iterum
1081 2000 1331 2044 dilabebatur.
1361 2007 1438 2045 Sed

143 2056 277 2104 idem,
293 2057 444 2106 quoties
471 2058 660 2108 Scipionis
686 2058 759 2099 effe
778 2061 882 2098 vices
908 2060 1092 2111 senserat,
1120 2063 1307 2114 nusquam
1331 2079 1440 2107 com-

140 2118 311 2169 parebat.
331 2119 368 2158 Is
384 2120 486 2158 enim
503 2123 703 2171 nunquam
725 2121 846 2171 aliter,
862 2123 924 2161 nisi
949 2125 1126 2165 instructa
1142 2127 1247 2179 velut
1270 2129 1318 2167 ad
1334 2143 1438 2179 proe-

140 2181 239 2220 lium
262 2182 360 2229 acie,
381 2182 451 2221 iter
466 2183 634 2223 faciebat
651 2201 659 2224 z
676 2185 816 2225 deinde
836 2199 924 2226 cum
943 2188 990 2227 ad
1006 2202 1187 2239 campum
1202 2221 1211 2236 ,
1234 2204 1347 2241 quem
1367 2193 1439 2231 de-

142 2243 328 2282 meffurus
360 2256 536 2294 venerat,
559 2247 792 2297 aceessiss‘et,
820 2260 907 2289 ante
932 2254 1064 2292 omnia
1090 2254 1260 2302 equitum
1287 2256 1322 2293 Sc
1347 2267 1442 2303 gra-

144 2304 201 2342 vis
228 2315 427 2345 armatura:
454 2307 570 2347 firmis
601 2309 826 2350 stationibus
853 2313 1031 2363 cingebat
1058 2314 1188 2353 locum
1209 2329 1217 2355 ε
1241 2328 1329 2354 cum
1352 2316 1438 2355 reli-

144 2379 221 2417 quo
249 2368 419 2417 equitatu
451 2370 531 2420 ipse
560 2372 745 2412 continuo
773 2374 909 2415 obibat
937 2377 1140 2427 messores,
1165 2380 1200 2418 ὁὶ
1225 2379 1250 2418 li
1275 2379 1357 2429 quis
1386 2378 1439 2419 se-

140 2501 141 2504 ’
195 2501 218 2546 5
244 2500 350 2539 XLV.
373 2503 448 2539 Liv.
477 2505 567 2549 Epir.
593 2507 738 2551 Appiam.
1112 2557 1152 2604 Y·

1175 2577 1201 2607 2
