1673 3052
283 188 832 238 HlsTontARUM
864 193 988 238 Lm.
1025 192 1171 239 xix.
1285 194 1367 257 183

94 296 411 360 conjectarent.
446 300 498 346 C.
535 298 734 346 Decimii
769 299 1046 347 moderatior
1073 299 1223 347 oratio
1256 300 1375 360 fuit,

91 371 197 434 qui,
223 375 270 425 in
288 374 493 434 plerisque
519 391 653 419 eorum
673 409 687 429 ,
705 392 791 434 quae
813 391 1125 428 commemorata
1143 394 1170 420 a
1189 377 1377 436 Popillio

92 444 237 510 efflent,
261 451 424 507 culpam
456 465 542 492 non
567 465 692 507 penes
712 452 943 508 populum,
961 449 1047 508 fid
1064 467 1191 509 penes
1212 440 1377 510 puucos

94 520 315 565 concitores
339 520 457 580 vulgi
483 516 578 582 ff,
608 518 735 565 dixit.
773 537 863 576 eos,
883 527 1064 566 venalem
1087 525 1275 583 linguam
1294 525 1377 567 ha-

91 593 226 645 bentes
239 626 252 646 ,
275 586 430 637 decreta
442 596 572 651 plena
592 595 704 652 regiae
731 590 1016 656 affintatiotzis
1031 592 1176 655 fecffi
1194 610 1210 639 .·
1245 591 1287 639 6*
1305 612 1376 640 eas

91 666 313 726 legationes
339 662 503 728 mfiffi,
525 682 695 724 quarum
727 667 916 711 Rhodios
933 666 1095 726 semper
1117 685 1203 710 non
1234 669 1376 712 minus

82 740 278 799 puderet,
302 757 424 798 quam
445 741 668 798 poeniteret.
703 741 806 800 Quae
828 743 970 785 omnia
988 775 998 794 ,
1004 740 1056 804 st
1069 755 1205 785 tamen
1215 745 1376 801 populo

80 809 217 868 joret,
235 813 280 854 in
296 814 435 871 capita
457 812 681 856 noxiorum
699 812 876 872 versura.
904 814 1022 864 Cum
1041 829 1208 877 magno
1234 814 1376 860 affert-

91 878 141 925 su
169 880 344 927 auditus
382 880 469 939 est,
501 898 596 927 non
634 883 770 945 magis
805 901 885 941 eo,
921 886 1046 948 quod
1073 886 1376 935 multitudinis

91 967 262 998 noxam
290 951 518 1012 elevabat,
551 970 684 1017 quam
722 956 847 1017 quod
880 957 1057 1018 culpam
1090 958 1137 1004 in
1173 960 1375 1006 austores

89 1035 300 1071 verterat.
330 1025 481 1087 Itaque
512 1042 613 1072 cum
639 1026 864 1089 principes
883 1044 1041 1074 eorum
1068 1030 1286 1076 Romanis
1306 1048 1376 1077 re·-

89 1094 386 1156 sponderent,
410 1113 689 1160 nequaquam
711 1112 858 1145 tamen
888 1113 1012 1163 grata
1039 1102 1188 1148 oratio
1215 1119 1375 1151 eorum

88 1165 201 1225 fuit,
215 1167 315 1230 qui,
329 1185 430 1231 quae
444 1168 663 1231 Popillius
681 1168 933 1231 objecerat,
954 1172 1122 1218 diluere
1140 1182 1375 1237 utcunque

89 1238 244 1286 conati
263 1238 391 1296 sunt;
410 1257 543 1304 quam
561 1258 719 1288 eorum
739 1279 751 1299 ,
766 1244 842 1305 qui
868 1244 1083 1290 Decimio
1107 1245 1151 1291 in
1174 1246 1376 1292 auctori-

87 1310 172 1358 bus
201 1311 256 1357 ad
274 1311 496 1374 piaculum
521 1329 656 1359 noxae
677 1313 943 1376 objiciendis
965 1316 1112 1362 affenfi
1133 1316 1247 1364 sunt.
1275 1319 1377 1365 De-

91 1396 264 1431 cretum
291 1385 425 1448 igitur
443 1386 671 1448 extemplo
686 1423 700 1445 ‚
723 1400 770 1433 ut
785 1423 798 1446 ,
821 1389 896 1451 qui
916 1406 1001 1451 pro
1029 1389 1187 1436 Perseo
1209 1390 1376 1439 adver-i

89 1457 161 1503 sus
192 1458 426 1514 Romanos
457 1458 614 1505 dixisse
644 1460 775 1523 quid,
806 1473 881 1507 aut
912 1461 1087 1517 fecifl'e,
1118 1464 1376 1512 convince-

89 1542 269 1587 rentur,
291 1530 448 1593 capitis
482 1532 903 1580 condemnarentur.
941 1534 1228 1582 Excefferunt
1260 1537 1374 1584 urbe.

90 1603 170 1651 sub
195 1603 396 1650 adventu
415 1603 728 1652 Romanorum
749 1605 956 1668 quidam,
978 1605 1052 1652 alii
1078 1620 1270 1654 mortem
1291 1608 1374 1656 fibi

90 1673 422 1723 consciverunt.
451 1677 627 1739 Legati,
646 1694 743 1723 non
763 1677 879 1725 ultra
898 1695 1031 1741 quam
1060 1679 1262 1743 quinque
1279 1681 1373 1728 dies

90 1746 243 1793 Rhodi
264 1748 450 1805 morati,
468 1748 781 1796 Alexandriam
807 1748 1172 1812 proficiscuntur.
1198 1753 1295 1798 Nec
1314 1769 1373 1799 eo

90 1821 262 1884 segnius
293 1819 462 1883 judicia
492 1838 548 1868 ex
577 1823 761 1869 decreto
791 1840 947 1871 coram
977 1823 1043 1871 his
1073 1823 1190 1871 facio
1218 1824 1372 1873 Rhodi

90 1894 414 1942 exercebantur
434 1913 444 1941 ε
464 1911 596 1957 quam
624 1895 1000 1958 perseverantiam
1018 1897 1064 1943 in
1090 1897 1373 1962 exsequenda

89 1984 135 2023 re
162 1967 360 2014 Decimii
384 1967 541 2015 lenitas
566 1969 606 2016 *.

151 2041 231 2088 XI.
261 2042 381 2088 Cum
403 2042 500 2089 haec
519 2054 804 2106 gererentur,
824 2043 1078 2091 Antiochus
1100 2044 1254 2091 frustra
1272 2057 1373 2091 ten·-

90 2114 190 2161 tatis
227 2115 456 2163 moenibus
491 2116 775 2165 Alexandriae
814 2118 1101 2165 abscefferat:
1133 2131 1376 2181 ceteraque·

88 2188 295 2250 AEgypto
329 2189 531 2250 potitus,
570 2190 725 2236 relicto
761 2193 963 2254 Memphi
1002 2191 1171 2252 majore
1216 2194 1373 2239 Ptole-

88 2278 233 2318 maeo,
260 2261 334 2308 cui
357 2278 544 2325 regnum
567 2264 707 2326 quaeri
726 2263 815 2312 suis
841 2265 1012 2311 viribus
1038 2265 1269 2311 simulabat
1285 2301 1297 2322 ‚
1321 2276 1372 2311 ut

90 2333 312 2379 vi&orem
335 2351 447 2380 mox
473 2337 817 2399 aggrederetur,
842 2337 889 2383 in
914 2337 1092 2400 Syriam
1120 2337 1373 2384 exercitum

91 2406 289 2454 abduxit.
320 2408 417 2454 Nec
450 2407 580 2468 hujus
608 2409 859 2455 voluntatis
886 2409 980 2469 ejus
1008 2411 1189 2472 ignarus
1215 2409 1372 2454 Ptole-

89 2497 226 2540 inaeus
240 2517 260 2543 a
279 2481 384 2530 dum
415 2483 712 2533 conterritum
737 2482 982 2538 obsidionis
1003 2494 1126 2531 metu
1145 2483 1374 2537 minorem
