1673 3052
295 209 365 254 ἰο
660 207 1223 258 T1T1L1V11

298 326 399 358 non
418 311 643 370 atrocius,
673 331 810 378 quam
832 313 1082 378 superiores
1112 316 1441 380 imperatores,
1472 322 1594 366 con-3

299 384 439 433 sulem
467 385 515 430 in
541 385 582 431 se
609 384 887 434 saeviturum.
924 389 985 435 At
1009 389 1084 436 ille
1105 407 1224 437 arma
1244 390 1456 438 omnibus
1479 390 1591 443 ade-‚

295 458 406 516 mit,
438 457 661 520 oppidum
680 457 845 516 diruit,
866 458 987 523 ipsos
1010 460 1219 524 bonaque
1239 478 1399 510 eorum
1423 461 1589 512 vendi-g

298 531 393 578 dit:
427 531 658 596 literasque
688 532 863 579 senatui
891 531 945 580 de
974 534 1105 580 rebus
1132 535 1188 581 ab
1214 534 1257 581 se
1290 535 1419 599 gestis
1457 533 1592 582 milita

298 607 426 666 Quas
441 623 544 653 cum
559 608 611 654 A.
624 607 790 654 Atilius
806 612 976 670 praetor
991 608 1038 654 in
1057 608 1183 656 curia
1199 609 1440 668 recitass‘et,
1458 608 1589 674 (nam

297 678 459 726 consul
496 679 608 726 alter
644 680 929 736 Postumius,
969 681 1086 744 agris
1125 681 1505 745 recognoscendis
1539 680 1589 727 in

299 751 547 814 Campania
573 762 850 814 occupatus,
874 750 1057 816 aberat)
1077 764 1208 800 atrox
1235 769 1315 799 rex
1338 753 1435 801 visa
1461 752 1590 806 senaq

300 823 400 870 tui:
442 827 724 883 Statiellates,
757 827 828 885 qui
853 827 930 870 uni
954 843 1008 870 ex
1033 828 1231 888 Ligurum
1258 842 1375 889 gente
1401 845 1488 874 non
1517 843 1590 872 tu-

300 896 435 962 lifflrzt
456 918 576 944 arma
594 900 791 961 adversus
812 901 1058 958 Romanos,
1085 917 1173 946 tum
1198 919 1353 963 quoque
1371 919 1597 964 oppugna-

301 986 392 1026 tos,
413 990 498 1018 non
524 977 633 1019 ultro
661 973 877 1031 irtfercrztes
898 975 1048 1036 bellum
1059 991 1079 1028 ;
1112 977 1274 1021 deditos
1292 978 1338 1021 in
1354 977 1486 1036 fidem
1507 994 1592 1036 po-

294 1047 394 1105 puli
419 1046 608 1091 Romani
636 1047 754 1091 omni
775 1048 929 1092 ultimae
947 1047 1207 1093 crudelitatis
1233 1053 1418 1110 exemplo
1436 1052 1592 1094 lacera·

302 1132 369 1162 tos
387 1135 438 1163 ac
465 1120 615 1164 deletos
635 1115 705 1182 ff
718 1136 733 1164 .·
763 1133 825 1163 tot
846 1121 983 1165 millia
1007 1122 1188 1181 capitum
1208 1122 1483 1168 innoxiorum
1497 1157 1513 1178 ,
1529 1122 1594 1179 fi-

300 1193 393 1236 dem
425 1194 696 1252 implorantia
721 1194 872 1252 populi
894 1195 1108 1251 Romani,
1137 1212 1190 1239 ne
1216 1197 1310 1255 quis
1338 1213 1526 1257 unquam
1539 1194 1593 1255 fi

295 1263 436 1327 pastea
455 1266 593 1309 dedere
609 1266 802 1321 auderet,
825 1264 995 1326 pffmo
1024 1270 1213 1327 exemplo
1244 1265 1422 1330 verziffe:
1452 1264 1496 1313 ὅ·
1519 1268 1595 1311 Δι’-ι’

287 1335 463 1403 strailos
482 1336 635 1398 paffim
649 1336 775 1402 justis
794 1340 1006 1397 quondam
1026 1339 1206 1401 hostibus
1231 1342 1381 1400 populi
1402 1340 1599 1384 Romani

295 1411 466 1469 pacatis
480 1409 650 1469 servire.
690 1409 815 1469 Quas
847 1410 898 1454 ob
928 1426 989 1454 res
1012 1413 1173 1469 placere
1190 1411 1390 1470 senatui,
1417 1411 1481 1456 M.
1502 1413 1595 1460 P0-‚

294 1482 468 1543 pillium
497 1483 703 1543 consulem
737 1484 933 1543 Ligures,
959 1484 1096 1542 pretio
1128 1484 1350 1530 emtoribus
1396 1485 1596 1540 reddito,

302 1555 417 1614 ipsos
444 1555 634 1620 restituere
656 1557 702 1601 in
721 1557 944 1601 libertatem
954 1573 974 1609 ,·
1008 1557 1193 1616 bonaque
1212 1571 1259 1601 ut
1276 1557 1331 1601 iis
1347 1590 1362 1613 ,
1389 1557 1603 1616 quidquid

301 1626 394 1680 ejus
416 1630 639 1688 recuperari
662 1627 815 1690 poffit‚
846 1629 1076 1685 reddantur
1099 1646 1250 1674 curare.
1285 1631 1424 1675 Arma
1449 1630 1594 1689 primo

303 1718 460 1760 quoque
485 1702 659 1760 tempore
667 1700 765 1758 fieri
789 1701 835 1744 irz
855 1718 902 1745 ea
929 1716 1059 1760 geute.
1085 1701 1289 1760 consulem
1309 1704 1358 1747 de
1367 1702 1593 1762 provincia

303 1775 511 1828 decedere,
542 1791 633 1817 cum
657 1774 817 1817 deditos
842 1773 1036 1830 insedem
1052 1773 1182 1832 fitam
1202 1776 1369 1836 Ligures
1391 1773 1589 1838 restituis-

293 1844 374 1905 fit.
411 1847 576 1889 Claram
595 1845 808 1890 vift'oriam
837 1844 1041 1890 vincendo
1070 1861 1381 1907 oppugnantes,
1402 1863 1488 1890 non
1502 1844 1594 1904 sce-g

303 1919 455 1965 viendo
485 1920 530 1962 in
552 1918 756 1983 afflic'los,
771 1918 881 1976 fieri.

371 1991 450 2036 IX.
482 1989 652 2038 Consul
670 2027 684 2048 ,
720 2007 808 2053 qua
836 1988 1006 2036 ferocia
1039 1987 1176 2035 animi
1199 1986 1301 2034 usus
1330 1998 1425 2034 erat
1443 1986 1489 2034 in
1513 1987 1594 2035 Li-'

303 2061 486 2124 guribus
505 2097 519 2117 ‚
550 2062 733 2108 eandem
755 2062 810 2108 ad
833 2078 925 2107 non
948 2060 1195 2123 parendum
1225 2058 1395 2106 senatui
1417 2059 1594 2107 habuit.

305 2133 580 2196 Legionibus
611 2134 842 2196 extemplo
880 2133 995 2180 Pisas
1024 2135 1072 2180 in
1108 2132 1398 2179 hibernacula
1427 2131 1594 2188 miffis,

307 2205 447 2253 iratus
477 2207 704 2266 Patribus,
739 2207 922 2254 infestus
951 2205 1168 2269 praetori,
1202 2206 1398 2250 Romam
1425 2203 1557 2250 rediit
1575 2219 1593 2250 τ

306 2277 549 2341 senatuque
568 2268 798 2342 exteinplo
816 2281 870 2326 ad
892 2280 1030 2326 aedem
1045 2279 1244 2325 Bellonae
1262 2288 1435 2324 vocato
1448 2311 1462 2334 ,
1475 2275 1589 2322 mul-

305 2351 364 2398 'tis
394 2352 543 2397 verbis
575 2351 775 2399 inveflus
810 2351 871 2398 est
900 2352 945 2398 in
980 2363 1248 2414 praetorem:
1285 2350 1385 2411 qui,
1418 2367 1507 2395 cum
1540 2350 1591 2394 ob

308 2442 389 2469 rem
417 2427 519 2470 bello
558 2427 652 2470 bene
678 2426 827 2489 gestam
845 2460 859 2482 ,
893 2428 954 2470 uti
989 2427 1099 2470 Diis
1123 2424 1427 2470 immortalibus
1458 2424 1592 2466 honos

1666 2376 1673 2421 l

1665 2431 1673 2474 l

309 2498 542 2557 haberetur,
567 2498 705 2557 referre
725 2502 785 2545 ad
796 2492 993 2561 fiziatum
1014 2494 1229 2561 debuisset,
1250 2495 1445 2556 adversus
1449 2493 1499 2555 fi
1508 2509 1598 2554 pro
1665 2474 1673 2569 ἓ

1664 2576 1673 2614 ἱ.

1664 2619 1673 2635 ο,
