1673 3052
238 187 324 235 IN
370 184 562 233 LOC.
611 184 753 230 LIB.
791 182 1013 229 XLVII
1067 182 1204 228 LIV.
1309 198 1397 250 275

100 292 149 334 *fn
175 308 282 334 unam
300 305 437 346 partem
465 290 604 341 jubens
621 320 631 339 ‚
658 291 719 343 qui
743 290 969 330 dimittendos
993 290 1166 342 censerent
1174 305 1192 338 ‚-
1219 289 1258 328 in
1283 292 1404 329 diver-

101 359 183 412 lem
196 387 207 406 ,
220 357 280 410 qui
291 356 369 395 alia
379 356 509 394 omnia.
533 353 594 394 Sic
611 353 659 392 ad
675 365 759 401 eos,
778 354 845 401 qui
867 350 1121 392 absolvendos
1144 363 1400 404 negaverant,

109 421 156 461 iis
181 432 335 471 quoque
356 416 394 457 se
409 416 735 468 adjungentibus,
759 415 823 465 qui
845 415 1044 463 dixerant,
1060 416 1101 454 in
1126 414 1323 465 praesentia
1346 429 1403 455 re-

108 483 289 523 tinendos
300 513 312 532 ‚
325 481 392 521 illa
408 479 598 520 sententia
611 491 772 518 numero
787 478 939 517 vincere
955 475 1034 517 visa
1049 476 1112 516 est.
1134 475 1333 525 judicium
1353 486 1400 517 eo

109 554 285 597 tempore
309 545 351 585 L.
378 541 532 585 Lentuli
549 544 704 591 afrum,
723 541 792 592 qui
814 538 950 579 consul
972 549 1073 579 anno
1101 539 1295 590 superiore
1318 540 1402 579 fue-

109 616 178 647 rat.
194 606 305 657 Isque
321 606 526 646 damnatus
542 603 842 654 repetundarum
858 600 943 653 lege
957 600 1111 640 Caecilia
1124 632 1134 647 ,
1153 601 1401 652 postmodum

111 677 244 709 tamen
270 668 319 708 ad
346 667 543 718 supremos
568 666 609 705 in
639 663 838 715 republica
866 662 1032 702 honores
1058 661 1239 701 admiffus
1264 662 1327 702 est.

183 729 371 771 XXVIII.
406 729 512 769 Dum
540 727 623 767 haec
652 727 784 767 Romae
813 732 1001 776 aguntur,
1026 725 1069 763 in
1094 723 1280 774 Hispania
1309 736 1402 765 cum

109 792 295 835 Lufitanis
309 823 321 842 ,
340 792 440 832 duce
457 791 600 848 Punico
627 789 822 841 quodam,
835 801 946 840 agros
966 788 1160 828 sociorum
1184 788 1402 828 nostrorum

76 871 84 876 ·
109 855 414 904 incursantibus,
429 853 663 905 improspere
682 852 907 892 dimicatum
931 852 995 891 est.
1022 850 1229 900 Manilius,
1245 851 1308 902 qui
1328 851 1402 892 Ro-

110 932 271 959 manum
293 918 502 959 exercitum
528 916 720 964 ducebat,
740 915 871 955 multis
899 913 1038 957 amiffis
1065 914 1287 954 retroceffit.
1316 914 1403 955 Me-

109 979 270 1022 lioribus
298 979 475 1031 auspiciis
503 976 680 1017 consules
710 976 749 1016 in
772 976 973 1027 Liguribus
1003 978 1040 1016 ἃ
1073 974 1263 1015 Dalmatis
1297 975 1400 1027 gesto

110 1043 237 1093 bello,
260 1041 501 1093 triumphum
524 1048 755 1080 meruerunt.
792 1038 963 1079 Clariora
990 1045 1120 1077 tamen
1145 1038 1184 1078 P.
1207 1037 1400 1088 Scipionis

109 1108 195 1147 afta
209 1104 296 1145 sunt
309 1135 321 1154 ‚
337 1104 417 1156 qui,
435 1104 614 1144 confecto
634 1100 737 1140 bello
759 1099 990 1148 Dalmatico,
1003 1099 1241 1150 provinciam
1257 1112 1401 1140 novam

109 1168 256 1219 adjecit
277 1168 454 1219 imperio.
490 1167 689 1208 Maximus
725 1163 809 1204 haec
836 1163 966 1214 agenti
993 1162 1105 1202 labor
1125 1163 1226 1203 circa
1255 1163 1402 1204 Delmi-

109 1233 220 1273 nium
246 1231 489 1282 fuit,¹quam
519 1228 690 1269 relietam
722 1241 743 1268 a
767 1228 809 1268 C.
834 1226 983 1266 Marcio
1014 1239 1107 1277 gens
1136 1226 1402 1267 Dalmatarum

109 1296 403 1344 instauraverat,
429 1296 703 1343 commotoque
727 1305 774 1331 ex
795 1290 902 1331 omni
927 1289 1082 1341 regione
1107 1290 1201 1329 flore
1222 1291 1404 1339 juventu..

110 1360 175 1408 tis,
199 1357 382 1398 acerrime
398 1369 466 1408 pro
482 1369 526 1396 ea
551 1353 836 1407 propugnabat.
864 1351 977 1393 Unde
991 1351 1147 1400 consul,
1172 1352 1400 1393 difficultate

110 1421 165 1461 rei
185 1428 392 1473 percepta,
415 1419 626 1459 exercitum
650 1417 733 1457 aliis
756 1427 891 1455 eorum
915 1414 1068 1466 oppidis
1093 1415 1299 1454 admovere
1324 1427 1401 1454 coe-

109 1483 180 1536 pit.
207 1491 246 1523 at
271 1483 319 1531 ii,
336 1494 500 1533 quorun
523 1494 566 1521 ea
589 1479 735 1531 oppida
761 1476 1055 1528 erana-omisso
1074 1476 1253 1516 Delminii
1280 1478 1405 1528 praefi.

110 1547 178 1587 dio
191 1577 202 1595 ‚
215 1546 265 1586 ad
283 1545 350 1584 sua
371 1543 528 1595 quisque
550 1542 710 1583 tutanda
725 1548 981 1581 accurrerunt.
1006 1540 1063 1580 Ibi
1078 1548 1159 1580 tum
1177 1541 1400 1591 Romanus,

109 1609 284 1661 protinus
304 1607 354 1647 ad
375 1606 610 1646 Delminium
639 1606 755 1655 raptis
777 1604 922 1655 copiis,
945 1602 1081 1642 urbem
1101 1602 1230 1654 inopia
1257 1617 1401 1655 propu-

110 1680 314 1724 gnatorum
341 1669 583 1709 laborantem
608 1667 713 1707 facili
738 1667 896 1717 negotio
921 1666 1069 1717 redegit
1093 1665 1132 1704 in
1158 1667 1396 1717 potestatem.

110 1730 358 1785 Imperatoris
380 1741 548 1777 nomen,
566 1740 655 1767 cum
673 1728 721 1767 de
746 1740 854 1766 more
877 1739 898 1766 a
927 1725 1115 1765 militibus
1143 1726 1400 1768 acclamatum

110 1793 229 1841 effer,
250 1790 438 1832 recusavit
462 1803 474 1830 :
508 1790 666 1840 parique
699 1788 840 1829 deinde
865 1787 1051 1828 modestia
1083 1786 1349 1838 triumphum,
1378 1802 1400 1828 a

112 1855 244 1896 senatu
269 1853 467 1901 oblatum,
490 1853 557 1892 vix
579 1853 739 1903 accepit.
781 1850 899 1892 Multi
930 1863 976 1890 eo
1005 1848 1109 1889 bello
1134 1849 1399 1891 Dalmatarum

110 1916 215 1970 capti
232 1916 451 1966 sunt,quos
468 1915 509 1953 in
529 1913 750 1954 servitutem
775 1912 908 1952 consul
929 1912 1112 1952 vendidit.
1144 1912 1399 1962 Delminium,

111 1994 196 2034 quae
233 1981 336 2031 prius
362 1976 451 2019 urbs
476 1977 604 2029 ampla
631 1978 781 2024 fuerat,
806 1978 987 2027 exiguam
1003 2006 1014 2025 ‚
1041 1975 1240 2027 solumque
1267 1977 1398 2028 pecori

111 2044 296 2097 pascuum
318 2042 476 2092 redegit.

167 2106 322 2147 XXIX.
345 2105 540 2145 Venerunt
570 2102 709 2142 deinde
740 2101 866 2141 rursus
900 2100 948 2140 ab
979 2099 1124 2141 Achaeis
1153 2100 1294 2153 legati,
1322 2102 1402 2140 ani·

110 2169 226 2209 matis
254 2169 422 2219 priorum
453 2166 660 2214 relatione,
681 2165 745 2216 qui
775 2164 948 2215 proxime
973 2162 1157 2214 optatum.
1179 2163 1296 2202 finem
1325 2164 1401 2202 ad-

112 2231 275 2270 ductum
295 2228 404 2268 fuisse
425 2228 624 2279 negotium
645 2225 862 2265 narrabant.
891 2224 1064 2266 Telecles
1087 2225 1399 2276 Megapolitanus

114 2291 427 2332 &Anaxidamus
454 2288 562 2329 miffi.
576 2307 586 2320 ο
603 2288 669 2327 sed
694 2289 730 2327 ἃ
749 2287 906 2326 istorum
937 2286 1133 2338 diligentia
1165 2287 1287 2326 nihilo
1320 2288 1402 2326 feli⁴

170 2410 193 2449 Ε
214 2408 354 2495 XX5VII.
375 2409 450 2442 Val.
477 2409 570 2442 Max.
596 2409 628 2449 6,
715 2408 736 2451 §
760 2406 915 2441 XXVIII.
936 2408 1083 2458 Appian.
1105 2405 1276 2450 Hispanic.
1297 2406 1399 2438 Diod.

118 2451 188 2487 Ecl-
207 2463 260 2497 31,
298 2453 412 2488 .Fasti
438 2454 587 2498 Capitol
610 2419 861 2497 Po91yb.12,.3
880 2453 994 2485 Front.
1015 2452 1117 2484 Strat.
1140 2452 1196 2494 3.ss
1220 2451 1347 2488 Anao:
1361 2451 1401 2483 de

117 2465 533 2541 Yi1.·111⁵c.44.zonar
556 2498 662 2532 Strab
679 2500 700 2531 1.
725 2507 756 2537 7
780 2497 896 2542 Polyb
916 2509 988 2532 exc.
1009 2496 1122 2540 Legat.
1147 2506 1222 2539 130.

1052 2552 1127 2598 52
