1673 3052
288 203 323 250 6
652 200 1208 249 T1T1L1V11

291 308 549 367 caecilium,
569 310 623 356 C.
645 307 906 367 Salonium,
930 310 984 357 C.
1012 308 1281 356 Munatium.
1301 304 1572 355 Diviserunt

290 381 406 428 dena
422 379 569 443 jugera
594 379 640 424 in
660 379 881 443 singulos,
901 379 1034 427 sociis
1050 379 1248 426 nominis
1265 377 1410 425 Latini
1430 391 1570 427 terna-³.

292 453 378 499 Per
412 453 528 498 idem
566 465 766 516 tempus,
790 469 884 517 quo
920 452 1016 499 haec
1055 453 1327 514 agebantur,
1347 450 1480 514 legati
1511 466 1571 497 ex

291 525 460 572 AEtolia
482 526 673 572 Romam
696 537 919 572 venerunt
940 526 993 571 de
1010 523 1241 572 discordiis
1261 521 1570 571 seditionibus-

290 614 381 660 que
414 597 528 656 suis,
559 600 608 645 δε
643 598 837 644 Theffali
871 597 1033 661 legati,
1066 596 1346 655 nuntiantes,
1384 613 1487 661 quae
1521 596 1570 642 in

292 671 564 716 Macedonia
598 683 869 734 gererentur.

362 745 418 788 V.
446 743 654 801 Perseus,
683 741 772 805 jam
807 741 972 789 bellum
1008 740 1126 789 vivo
1165 752 1288 804 patre
1323 739 1569 803 cogitatum

293 814 344 861 in
373 815 525 862 animo
552 816 771 874 volvens,
791 831 977 872 omnes,
1002 831 1096 860 non
1116 826 1267 878 gentes
1286 812 1427 858 modo
1444 811 1571 857 Grae-

294 887 378 933 ciae
397 923 409 946 ,
443 886 514 934 sed
548 888 752 934 clvitates
788 888 951 945 etiam,
979 886 1280 950 legationibus
1310 883 1536 930 mittendis
1554 917 1572 940 ,

294 960 561 1023 pollicendo
587 961 713 1023 plura
730 995 743 1019 ,
771 977 904 1023 quam
932 959 1180 1024 praestando
1197 994 1208 1016 ,
1240 957 1321 1005 fibi
1349 957 1570 1004 concilia-

297 1035 387 1081 bat.
404 1036 542 1080 Erant
563 1046 709 1081 tamen
727 1052 884 1098 magna
901 1052 954 1081 ex
971 1049 1094 1097 parte
1113 1032 1348 1080 hominum
1367 1031 1421 1078 ad
1438 1030 1572 1077 favo·

294 1124 390 1153 rem
417 1107 510 1170 ejus
528 1108 729 1156 inclinati
755 1098 914 1165 animi,
937 1110 987 1155 &
1006 1108 1234 1171 aliquanto
1259 1123 1392 1170 quam
1411 1104 1457 1150 in
1476 1106 1571 1150 Eu-

296 1198 471 1227 menem
492 1182 829 1244 propensiores:
860 1199 962 1228 cum
990 1179 1198 1227 Eumenis
1225 1177 1450 1225 beneficiis
1467 1194 1572 1224 mu·-

294 1254 563 1318 neribusque
578 1271 734 1302 omnes
746 1255 933 1303 Graeciae
951 1254 1154 1302 civitates
1169 1254 1218 1299 &
1230 1250 1429 1315 plerique
1449 1249 1574 1313 prin·
1615 1270 1619 1274 ’

296 1326 450 1389 cipum
481 1328 668 1392 obligati
702 1328 865 1375 effent:
898 1330 947 1375 ὃ(
981 1328 1042 1374 ita
1070 1326 1112 1372 se
1139 1326 1184 1371 in
1214 1339 1355 1387 regno
1383 1323 1463 1369 suo
1493 1339 1572 1386 ge-

295 1414 415 1448 reret
431 1438 444 1460 ‚
464 1414 544 1460 ut,
566 1419 665 1464 quae
687 1402 764 1448 sub
782 1402 955 1447 ditione
975 1399 1067 1461 ejus
1083 1434 1098 1457 ‚
1121 1398 1253 1444 urbes
1271 1396 1436 1443 nullius
1455 1395 1573 1442 libe-

297 1493 357 1520 rae
376 1475 570 1522 civitatis
592 1475 818 1521 fortunam
841 1474 986 1522 secum
1005 1485 1218 1519 mutatam
1238 1469 1425 1516 vellent.
1459 1484 1574 1515 con-

297 1560 367 1591 tra
403 1546 556 1592 Persea
589 1545 703 1593 fama
732 1558 826 1592 erat
859 1545 958 1608 post
990 1544 1123 1607 patris
1157 1553 1350 1588 mortem
1380 1534 1573 1586 uxorem

296 1633 435 1663 manu
456 1618 529 1664 sua
548 1618 784 1665 occidisse:
820 1618 1048 1681 Apellem‚
1072 1615 1317 1664 ministrum
1341 1614 1580 1678 quondam

296 1688 466 1750 fraudis
499 1689 544 1736 in
575 1689 707 1736 fratre
730 1689 961 1747 tollendo,
989 1704 1120 1750 atque
1154 1688 1216 1734 ob
1244 1686 1290 1732 id
1313 1684 1575 1748 requisitum

297 1778 324 1808 a
345 1761 553 1823 Philippo
581 1762 635 1808 ad
666 1761 959 1824 supplicium,
991 1760 1263 1807 exsulantem
1283 1795 1296 1816 ‚
1323 1756 1573 1804 arceffitum

296 1833 399 1896 post
427 1834 559 1896 patris
580 1848 770 1880 mortem
791 1835 1045 1897 ingentibus
1075 1832 1295 1895 promissis
1315 1829 1369 1877 ad
1390 1829 1573 1892 praemia

295 1918 434 1952 tantae
454 1919 717 1969 perpetratae
736 1906 818 1964 rei,
836 1907 946 1953 clam
968 1904 1244 1952 interfecisse.
1263 1902 1478 1950 intestinis
1495 1917 1573 1949 ex-

298 1979 523 2041 ternisque
559 1992 768 2041 praeterea
801 1980 951 2026 multis
991 1980 1186 2026 caedibus
1214 1977 1456 2034 infamem,
1488 1990 1572 2022 nec

296 2050 397 2096 ullo
435 2054 836 2099 commendabilem
875 2052 1065 2108 merim,
1102 2050 1396 2113 praeferebant
1431 2048 1573 2112 vulgo

295 2121 505 2169 civitates
538 2140 624 2171 tam
659 2126 737 2188 pio
767 2143 868 2188 erga
901 2125 1184 2188 propinquos
1205 2159 1219 2180 ,
1255 2134 1342 2168 tam
1375 2120 1492 2183 justo
1525 2120 1573 2167 in

295 2195 420 2242 cives
436 2231 449 2252 ‚
469 2207 556 2242 tam
587 2197 801 2244 nmnifico
824 2214 925 2260 erga
946 2212 1102 2242 omnes
1128 2194 1333 2240 homines
1356 2192 1448 2256 regi
1464 2228 1477 2249 ‚
1499 2191 1575 2239 seu

295 2267 410 2314 sizna
439 2271 487 2316 δέ
511 2270 728 2328 majestate
757 2271 1055 2317 Macedonum
1088 2284 1244 2331 regum
1273 2265 1575 2328 praeoccupati

295 2341 352 2385 atl
386 2340 672 2403 spernendam
702 2344 921 2405 originem
951 2341 1063 2389 novi
1081 2341 1233 2403 regni3
1264 2338 1335 2384 seu
1356 2338 1574 2383 mutatio-

296 2415 366 2460 nis
400 2432 543 2461 rerum
564 2415 712 2477 cupidi
734 2434 746 2469 3
781 2417 851 2460 seu
871 2415 976 2477 quia
1006 2431 1107 2461 eum
1129 2411 1353 2471 objeEtum
1372 2410 1455 2456 effe
1472 2411 1574 2455 Ro-

297 2490 440 2536 manis
473 2491 703 2538 volebant·
737 2491 874 2537 Erant
898 2503 1045 2537 autem
1070 2505 1165 2535 non
1183 2485 1326 2534 AEtoli
1351 2485 1492 2532 modo
1525 2483 1574 2529 in
