1673 3052
317 171 858 238 HisTottiARUM
893 174 1014 233 213.
1048 185 1188 232 an.
1324 184 1387 245 69

98 295 314 356 habebat,
340 294 534 357 ejusdem
555 293 700 358 gentis
723 294 869 341 levem
887 305 1168 340 armaturam.
1188 289 1387 338 Mediam

98 380 244 416 autem
276 369 417 416 aciem
444 385 548 415 cum
572 367 750 413 delestis
769 365 995 430 equitibus
1015 362 1390 411 extraordinariis

98 443 279 490 tenebat
298 443 359 502 Q.
383 441 576 488 Mucius.
605 440 789 488 ducenti
810 440 980 503 equites
1000 439 1122 486 Galli
1142 450 1244 484 ante
1264 436 1387 500 signa

96 516 263 564 horum
283 515 483 562 instructi
500 551 513 572 ,
529 517 580 562 &
597 515 652 561 de
669 513 851 561 auxiliis
870 513 1084 560 Eumenis
1108 511 1386 575 Cyrtiorum

95 588 239 651 gentis
258 588 461 636 trecenti.
490 586 684 636 Theffali
702 585 1018 651 quadringenti
1038 581 1209 646 equites
1235 599 1386 645 parvo

95 662 344 711 intervallo
362 662 491 726 super
518 664 687 711 laevum
707 679 854 710 cornu
871 660 1027 708 locati.
1058 662 1280 705 Eumenes
1307 671 1389 703 rex

95 733 357 796 Attalusque
377 751 481 782 cum
505 735 634 782 omni
665 752 801 782 manu
821 733 895 780 sua
914 733 970 780 ab
994 743 1123 794 tergo
1156 729 1272 775 inter
1299 744 1387 827 po-

94 805 299 853 stremam
319 806 459 853 aciem
478 824 530 857 ac
548 808 723 855 vallum
742 806 974 854 steterunt

160 879 277 926 LIX.
308 880 359 925 In
390 878 510 927 hunc
539 880 727 926 modum
762 878 955 925 maxime
986 876 1207 924 instru&ae
1237 874 1388 934 acies,

95 967 173 1014 par
202 949 341 998 ferme
374 950 584 1015 utrinque
614 967 826 997 numerus
861 950 1067 1014 equitum
1095 966 1147 996 ac
1174 947 1287 995 levis
1315 963 1388 993 ar-

93 1036 278 1071 maturae
293 1060 308 1084 ,
332 1023 618 1075 concurrunt
635 1060 648 1081 ,
666 1041 692 1070 a
716 1023 1024 1070 funditoribus
1042 1019 1388 1083 jaculatoribus-

93 1115 206 1162 que,
225 1097 303 1162 qui
322 1097 661 1162 praecesserunt,
680 1097 849 1160 proelio
872 1111 993 1144 orto.
1023 1096 1160 1143 Primi
1178 1095 1386 1142 onmium

93 1173 294 1220 Thraces
308 1207 321 1229 ,
344 1171 465 1219 haud
487 1170 615 1220 secus
639 1189 772 1236 quam
791 1171 869 1218 diu
887 1169 1085 1218 claustris
1105 1180 1290 1215 retentae
1317 1166 1386 1214 fe-

95 1263 179 1304 rae,
207 1244 424 1293 concitati
444 1262 548 1293 cum
568 1244 741 1310 ingenti
762 1245 963 1292 clamore
980 1243 1027 1290 in
1050 1242 1261 1289 dextrum
1281 1256 1387 1287 cor-

95 1337 185 1378 nu,
214 1318 393 1367 Italicos
416 1319 587 1382 equites
606 1354 620 1377 ,
655 1318 977 1372 incurrerunt3
1010 1327 1060 1363 ut
1078 1314 1158 1362 usu
1189 1312 1296 1360 belli
1333 1313 1386 1359 &

95 1392 281 1458 ingenio
311 1391 540 1455 impavida
579 1408 686 1456 gens
729 1391 999 1450 turbaretur.
1041 1387 1197 1454 gladiis
1239 1386 1383 1434 hastas

94 1479 246 1530 petere
270 1467 468 1530 pedites,
502 1484 624 1514 nunc
652 1466 879 1514 succidere
902 1481 1034 1512 crura
1063 1463 1191 1526 equis
1210 1499 1226 1520 ,
1258 1477 1382 1508 nunc

94 1541 172 1588 illa
197 1539 434 1588 suffodere.
472 1540 676 1599 Perseus,
701 1539 748 1586 in
773 1539 967 1586 mediam
989 1537 1194 1585 ἱηνεξὶιις
1212 1535 1382 1593 aciem,

96 1617 287 1662 Graecos
314 1614 464 1678 primo
489 1613 660 1676 impetu
683 1613 876 1660 avertit:
907 1611 1070 1675 quibus
1099 1626 1201 1656 cum
1230 1607 1381 1672 gravis

94 1687 151 1734 ab
183 1699 312 1749 tergo
345 1686 527 1733 instaret
559 1685 730 1742 hostis,
769 1683 1083 1731 Thessalorum
1120 1680 1344 1745 equitatus
1366 1717 1383 1739 ,

94 1758 174 1821 qui
203 1775 228 1805 a
253 1759 376 1807 laevo
402 1774 550 1806 cornu
577 1756 709 1804 brevi
741 1756 887 1820 spatio
917 1753 1164 1816 disjunffits
1197 1754 1246 1799 in
1273 1753 1381 1799 sub-

96 1830 213 1878 fidiis
238 1830 383 1878 fuerat
412 1847 537 1878 extra
558 1830 827 1878 concursum
843 1866 856 1889 ‚
879 1830 1027 1893 primo
1047 1828 1265 1891 speEtator
1285 1845 1382 1874 eer-

95 1903 294 1960 taminis,
315 1903 496 1963 deinde,
517 1903 730 1952 inclinata
749 1921 822 1961 re,
840 1904 1039 1958 maximo
1057 1900 1155 1947 usui
1177 1900 1276 1948 fuit.
1293 1902 1383 1947 Ce-

96 1980 250 2027 dentes
269 1979 389 2026 enim
410 1979 566 2027 sensim
587 1979 772 2043 integris
792 1979 1028 2026 ordinibus
1047 2014 1061 2036 ‚
1082 1978 1316 2041 postquam
1337 1976 1380 2024 se

96 2053 308 2101 Eumenis
344 2055 522 2102 auxiliis
554 2053 884 2115 adjunxerunt,
920 2055 970 2100 &
1001 2070 1106 2100 cum
1141 2068 1198 2099 eo
1231 2066 1383 2099 tutum

97 2123 216 2171 inter
234 2125 417 2172 ordines
436 2126 536 2173 suos
560 2138 789 2188 receptum
809 2125 941 2172 sociis
959 2124 1062 2188 fuga
1078 2124 1289 2187 dissipatis
1309 2124 1387 2170 da·

95 2198 228 2253 bant,
247 2199 320 2255 δε,
343 2216 443 2263 cum
459 2200 606 2246 minus
625 2198 820 2245 conferti
843 2198 991 2246 hostes
1013 2198 1249 2255 instarent,
1266 2215 1381 2260 pro-

95 2271 220 2335 gredi
245 2273 377 2319 etiam
408 2272 499 2319 aufi
518 2308 534 2329 ,
564 2273 729 2318 multos
762 2272 1027 2335 fugientium
1054 2272 1224 2318 obvios
1244 2288 1377 2318 exce-

95 2356 270 2406 perunt.
300 2346 398 2392 Nec
427 2345 563 2408 regii,
589 2345 716 2407 sparsi
735 2342 822 2406 jam
846 2346 926 2409 ipsi
948 2345 1104 2408 paffim
1122 2345 1379 2407 sequendo,

94 2433 197 2462 cum
229 2416 449 2462 ordinatis
479 2419 527 2464 &
557 2429 683 2463 certo
715 2417 1028 2464 incedentibus
1052 2417 1188 2480 gradu
1218 2433 1377 2464 manus

95 2486 328 2536 conserere
355 2488 591 2536 audebant.
626 2489 774 2548 Cum,
805 2490 953 2538 viiior
981 2489 1172 2552 equestri
1204 2491 1377 2555 proelio

1019 2565 1119 2627 E}
