1673 3052
272 183 822 234 HISTORIARUM
856 188 975 235 LIB.
1010 187 1150 236 XLII.
1296 204 1351 251 19

87 318 94 344 3
129 292 258 340 XVI.
293 295 536 352 Latrones,
569 310 673 342 cum
703 294 834 342 brevi
868 295 1111 344 circumitu
1142 295 1351 344 ma‘ceriae

63 365 300 420 decurrere
320 367 376 413 ad
405 365 739 415 conficiendum
772 367 970 415 saucium
993 369 1197 431 poffent,
1224 370 1353 417 velut

62 436 257 500 perfeffll
275 451 322 484 re
336 473 351 496 ‚
382 437 430 484 in
450 437 606 502 jugum
625 440 799 486 Parnasi
818 439 1078 502 refugerunt
1105 458 1162 488 eo
1191 442 1321 490 cursu
1335 477 1351 501 ‚

63 522 146 568 ut,
174 526 278 557 cum
305 525 420 555 unus
442 525 536 555 non
562 508 690 556 facile
713 509 938 572 sequendo
963 528 1042 573 per
1065 511 1190 559 invia
1216 525 1353 576 atque

64 581 202 629 ardua
226 593 476 635 moraretur
505 581 653 645 fugam
682 598 840 629 eorum
860 618 874 640 ‚
901 600 958 630 ne
985 585 1257 648 comprenso
1285 587 1355 633 in-

31 649 43 655 *
63 655 230 704 dicium
261 668 516 714 emanaret,
544 657 797 704 occiderint
827 658 1057 706 comitem.
1091 661 1162 706 Ad
1186 677 1354 723 corpus

64 730 182 795 regis
208 730 358 793 primo
385 729 554 788 amici,
588 729 748 777 deinde
780 731 987 778 satellites
1009 749 1059 779 ac
1081 732 1201 780 servi
1236 751 1355 781 con-

65 817 331 862 currerunt,
360 805 571 852 tollentes
597 804 793 868 sopitum
816 806 1007 852 vulnere
1031 824 1082 854 ac
1118 807 1233 853 nihil
1256 807 1356 855 sen·-

64 877 266 925 tientem.
298 876 469 923 Vivere
499 890 649 923 tamen
681 894 736 923 ex
770 879 921 940 calore
953 880 1003 927 &
1031 879 1187 943 spiritu
1212 897 1356 927 rema·

67 961 203 997 nente
228 949 276 996 in
303 949 566 1011 praecordiis
589 950 841 1009 senserunt3
875 953 1097 1001 viffilrutn
1126 954 1282 1018 exigua
1303 971 1356 1001 ac

66 1041 211 1089 prope
242 1023 366 1071 nulla
388 1023 485 1086 spes
516 1037 623 1073 erat.
665 1027 865 1086 Quidam
894 1044 951 1074 ex
968 1028 1255 1086 satellitibus,
1289 1027 1357 1074 se·-

67 1097 163 1146 cuti
192 1097 418 1144 latronum
450 1095 662 1161 vestigia,
699 1116 805 1146 cum
831 1098 967 1163 usque
995 1102 1049 1147 ad
1073 1100 1229 1164 jugum
1250 1103 1359 1148 Par-

66 1172 160 1219 nasi
179 1206 193 1228 ‚
213 1170 513 1233 nequidquam
533 1170 698 1235 fatigati
717 1207 732 1230 ‚
758 1174 1061 1234 perveniss'ent
1077 1211 1091 1233 ‚
1119 1193 1166 1221 re
1194 1175 1358 1223 infeffla

67 1243 310 1297 redierunt.
344 1242 543 1305 Aggreffi
572 1241 746 1291 facinus
771 1245 1075 1305 Macedones,
1111 1260 1160 1294 ut
1191 1247 1366 1295 incon-·

67 1317 179 1365 sulte
194 1353 209 1375 ,
237 1316 297 1363 ita
314 1316 520 1363 audafter
540 1329 743 1380 coeptum
759 1353 773 1376 ,
804 1336 888 1366 nec
906 1319 1110 1366 consulte
1136 1323 1185 1366 δέ
1203 1322 1360 1367 timide

67 1391 364 1452 reliquerunt.
396 1391 672 1449 Compotem
692 1391 775 1448 jam
800 1389 861 1434 sui
883 1406 1028 1453 regem
1055 1391 1188 1438 amici
1207 1394 1361 1455 poste-

67 1478 124 1509 ro
145 1463 216 1506 die
240 1461 448 1505 deferunt
469 1459 523 1504 acl
549 1476 740 1507 navem:
766 1461 869 1507 inde
891 1463 1192 1510 Corinthum:
1222 1482 1244 1511 a
1261 1467 1362 1512 Co-

68 1534 224 1583 rintho
241 1568 255 1592 ‚
287 1549 366 1596 per
388 1532 540 1580 Isthmi
564 1532 721 1597 jugum
742 1537 933 1583 navibus
963 1538 1172 1585 traduffilis
1190 1573 1202 1594 ,
1231 1541 1361 1603 AEgi-

71 1627 177 1657 nam
199 1607 441 1669 trajiciunt.
479 1608 546 1654 lbi
581 1609 694 1655 adeo
725 1609 891 1657 secreta
922 1612 1014 1672 ejus
1048 1613 1220 1659 curatio
1241 1613 1360 1671 fuit,

68 1681 404 1730 admittentibus
421 1682 671 1739 neminem,
693 1694 741 1728 ut
759 1681 872 1728 fama
892 1695 1122 1730 mortuum
1141 1684 1188 1730 in
1210 1686 1358 1733 Asiam

70 1755 305 1822 perferret.
343 1756 518 1802 Attalus
549 1771 734 1820 quoque
767 1757 953 1804 celerius
974 1794 987 1815 ‚
1020 1775 1153 1821 quam
1176 1758 1362 1822 dignum

71 1830 320 1879 concordia
335 1829 529 1876 fraterna
547 1842 639 1876 erat
652 1865 670 1885 ,
703 1830 905 1878 credidit.
933 1848 1032 1877 nam
1052 1833 1101 1879 &
1121 1849 1223 1878 curn
1245 1849 1367 1886 uxo-A

72 1922 123 1953 re
147 1902 294 1951 fratris
308 1940 322 1960 ,
342 1904 392 1950 &
415 1902 626 1967 praefe&o
651 1905 741 1952 arci
757 1940 770 1963 ‚
791 1917 1004 1968 tanquam
1024 1904 1113 1966 jam
1135 1906 1255 1953 haud
1277 1907 1363 1953 du-

73 1977 174 2025 bius
192 1976 316 2039 regni
337 1976 462 2022 heres
482 2011 496 2035 ‚
525 1975 586 2023 est
617 1975 807 2025 locutus.
842 1980 963 2038 Quae
991 1979 1146 2041 postea
1169 1997 1263 2026 non
1297 1980 1363 2026 fe-

73 2049 228 2097 fellere
247 2051 518 2097 Eumenem:
551 2051 601 2097 &
619 2086 633 2110 ‚
660 2068 915 2115 quanquam
942 2051 1207 2100 diffimulare
1228 2055 1277 2101 ὃ(
1298 2066 1363 2100 ta-

74 2125 163 2173 cite
191 2125 353 2172 habere
386 2124 433 2171 id
459 2126 642 2189 patique
677 2126 885 2174 statuerat
906 2164 919 2185 ,
954 2139 1100 2175 tamen
1134 2129 1180 2190 in
1212 2129 1363 2191 primo

75 2198 310 2261 congreffu
348 2214 444 2244 non
479 2200 786 2261 temperavit,
823 2199 931 2262 quin
968 2200 1127 2247 uxoris
1161 2201 1363 2263 petendae

75 2283 388 2336 praematuram
410 2270 736 2319 festinationem
759 2272 883 2318 fratri
901 2271 1137 2332 objiceret.
1167 2273 1363 2319 Romam

73 2360 261 2408 quoque
281 2343 395 2391 fama
414 2344 467 2390 de
487 2358 633 2390 morte
658 2343 869 2390 Eumenis
893 2343 1061 2405 perlata
1081 2343 1156 2389 est.

141 2418 288 2463 XVU.
314 2417 404 2462 Sub
435 2416 553 2462 idem
581 2429 758 2478 tempus
777 2417 832 2463 C„
853 2416 1062 2462 Valerius
1082 2432 1136 2461 ex
1155 2416 1331 2462 Graecia
1345 2452 1360 2475 9

19 2516 21 2519 -
75 2489 155 2555 qui
182 2489 349 2554 legatus
377 2490 434 2537 ad
456 2489 694 2539 visendum
723 2489 884 2537 statum
920 2488 1117 2553 regionis
1144 2487 1236 2552 ejus
1269 2488 1364 2551 spe<

1008 2561 1043 2608 B
1083 2577 1107 2606 2
