1673 3052
276 176 370 237 446
438 171 1069 223 JO.FRE1NSHEM11
1112 168 1466 218 SUPPLEM.

277 283 564 323 averruncanda
589 280 689 320 mala
720 279 917 331 praesentia
940 271 1182 331 prefuerunt.
1209 279 1397 329 Ufitatum
1421 278 1463 318 id
1486 288 1567 317 ma-

276 347 334 397 gis
361 345 568 395 antiquitus
601 344 763 390 Romae,
792 355 907 393 quarn
941 340 1130 391 probabili
1159 341 1307 381 ratione
1333 340 1483 388 nisum,
1519 345 1566 377 ut

276 409 318 445 in
343 405 526 456 prodigiis
552 403 723 462 ambigui
752 415 872 441 mares
901 401 1138 448 habeantur,
1165 409 1327 455 putant,
1347 401 1415 452 qui
1436 398 1577 439 causas

275 480 406 506 rerum
433 465 615 504 attentius
644 464 941 504 cenlideravere.
970 476 1094 515 neque
1119 463 1344 514 ambiguum
1369 463 1446 511 est,
1462 473 1569 501 com-

276 530 412 581 plura,
426 537 610 578 tanquam
633 541 653 568 a
676 527 812 566 mundi
838 526 989 578 legibus
1010 526 1281 574 abhorrentia,
1298 539 1389 566 cum
1410 526 1573 565 horrore

278 592 424 643 aspici,
448 605 525 630 non
555 591 643 642 quia
671 589 785 628 nullae
815 589 886 628 {int
905 602 1037 628 earum
1057 602 1079 627 a
1111 598 1247 628 natura
1267 587 1448 640 legitimae
1472 599 1570 631 cauq

278 653 351 703 sae,
373 652 438 692 sed
466 652 578 703 quia,
599 664 682 701 quae
702 651 813 700 sunt,
840 651 1076 702 ignorentur.

335 721 465 762 XXV.
499 720 574 760 Sed
604 733 675 758 nos
703 719 752 760 ad
779 719 958 758 ordinem
987 731 1113 757 rerum
1144 716 1330 768 gestarum
1355 717 1407 768 (ζ
1427 715 1570 757 Fabius

282 782 419 823 consul
446 792 583 829 vocat,
607 783 673 832 qui
699 782 738 820 in
767 780 989 819 ulteriorem
1017 779 1242 830 Hispaniam
1284 778 1495 831 (citerioris
1520 779 1601 830 QX

282 844 448 887 Metello
474 855 723 896 prorogatum
753 853 833 882 erat
854 843 1089 893 imperium)
1119 842 1212 881 duas
1240 841 1410 892 legiones
1433 841 1573 881 Roma-

285 922 375 957 nas,
394 907 664 957 sociorumque
685 905 913 954 auxiliarin
941 904 1155 944 universum
1180 904 1228 943 ad
1245 904 1465 944 ostodecim
1487 901 1574 942 mil.

285 970 564 1022 impeditum,
593 967 698 1007 mille
729 967 928 1007 sexcentos
953 968 1099 1018 equites
1120 967 1285 1006 induxit.
1316 968 1492 1017 Quorum
1519 963 1574 1006 as-

285 1035 409 1075 sumta
434 1041 541 1084 parte
573 1044 660 1070 cum
693 1031 843 1071 Itucam
874 1031 1091 1078 festinaret,
1121 1029 1267 1080 objecit
1300 1028 1337 1068 se
1370 1030 1410 1068 in
1436 1029 1575 1069 itinere

283 1096 480 1137 Viriathus
513 1107 605 1134 cum
631 1094 693 1133 sex
725 1093 895 1133 millibus
919 1093 1098 1139 suorum,
1131 1094 1166 1132 &
1190 1104 1279 1130 cum
1307 1091 1476 1131 clamore
1505 1098 1574 1130 tu-

286 1160 490 1210 multuque
511 1157 679 1197 barbaris
705 1156 819 1195 solito
843 1156 1032 1206 impetum
1061 1157 1101 1193 in
1123 1146 1320 1194 Romanos
1346 1153 1449 1194 fecit.
1483 1153 1573 1194 Erat

286 1237 377 1263 cum
401 1234 497 1262 voce
530 1220 764 1270 strepituque
791 1218 964 1265 diffuno,
990 1226 1074 1256 tum
1100 1216 1217 1255 etiam
1243 1215 1395 1266 aspeetu
1417 1215 1575 1255 horrida

288 1288 415 1327 acies:
439 1298 516 1324 non
539 1293 664 1323 cetero
689 1282 807 1321 modo
835 1291 969 1329 ornatu
986 1311 997 1329 ,
1021 1279 1086 1318 sed
1114 1279 1237 1318 comis
1265 1291 1417 1329 quoque
1442 1276 1577 1318 mulie-

288 1349 397 1387 brem
424 1349 465 1385 in
489 1358 637 1383 morem
661 1341 987 1382 obumbrantibus
1000 1340 1163 1380 vultum.
1192 1339 1405 1379 accedebat
1424 1337 1576 1378 summa

288 1411 497 1450 bominum
520 1408 702 1446 diuturno
726 1408 804 1456 jam
828 1404 931 1444 bello
956 1404 1210 1443 exercitorum
1234 1403 1476 1454 pugnacitas,
1507 1403 1578 1442 Su-

290 1473 420 1513 stinuit
444 1480 574 1510 tamen
594 1470 850 1519 irrumpentes
877 1466 1036 1515 consul,
1067 1478 1182 1516 reque
1212 1465 1355 1505 infe&a
1385 1463 1581 1504 discedere

289 1535 460 1581 madiis,
485 1532 563 1583 ipse
595 1532 808 1569 institutum
838 1531 909 1568 iter
935 1528 1158 1579 prosecutus
1187 1527 1250 1567 est.

347 1606 459 1647 XXX?
469 1604 496 1644 Ι.
525 1606 572 1644 Ut
596 1603 738 1642 deinde
761 1601 929 1651 reliquus
951 1601 1141 1639 exercitus
1164 1597 1344 1645 advenit,
1365 1597 1579 1646 decemque

292 1682 341 1708 ex
365 1669 493 1708 Africa
528 1665 751 1716 elephanti,
783 1676 878 1715 quos
903 1662 1095 1703 Numidiae
1119 1674 1183 1700 rex
1210 1658 1372 1709 Micipsa
1400 1657 1580 1704 miserat,

294 1732 418 1771 castris
447 1743 515 1780 pro
548 1729 811 1782 magnitudine
841 1727 1038 1776 copiarum
1068 1723 1212 1771 auc'iis,
1245 1722 1348 1773 prior
1380 1720 1581 1772 pugnandi

286 1784 482 1847 ‘potestate
505 1796 604 1833 incia
619 1825 629 1840 ,
646 1792 792 1830 hostem
809 1790 1011 1842 splendide
1036 1789 1148 1827 vicit:
1175 1787 1240 1826 sed
1259 1788 1358 1825 inter
1380 1784 1581 1836 insequen-

295 1862 389 1899 dum
421 1871 510 1897 cum
531 1852 707 1896 vdistrafti
738 1856 891 1894 ordines
926 1855 1068 1901 client,
1099 1850 1290 1891 Viriathus
1310 1880 1321 1898 ‚
1355 1859 1398 1888 ut
1420 1857 1499 1888 erat
1531 1848 1583 1888 ad

295 1921 424 1959 omniu
449 1918 619 1968 presenti
644 1918 800 1963 animo,
820 1916 893 1955 suis
918 1928 966 1953 re
960 1923 1073 1964 iente
1090 1925 1137 1952 ex
1163 1912 1254 1962 fuga
1274 1910 1447 1950 colle-ftis
1462 1911 1583 1949 vieto-

297 1998 353 2024 res
377 1983 621 2034 aggreditur:
648 1981 717 2019 tria
739 1993 872 2018 eorum
894 1978 987 2016 mill'
983 1991 1013 2016 ia
1036 1975 1261 2027 prosternit;
1289 1973 1454 2024 reliquos
1475 1985 1583 2011 com-

297 2045 408 2096 pellit
435 2045 474 2082 in
504 2044 643 2089 castra,
676 2052 782 2080 tanto
810 2053 858 2079 ex
885 2039 1006 2078 1υὶ>ὶῑι
1041 2038 1203 2075 fortuna:
1236 2033 1480 2073 conversione
1503 2044 1586 2071 me-

297 2106 541 2156 t1,ut,vix
572 2106 706 2155 paucis
729 2105 777 2143 ad
805 2112 933 2154 portas
963 2103 1013 2140 rei
1005 2100 1238 2147 nitentibus,
1266 2111 1403 2149 magna
1428 2109 1513 2148 pars
1542 2097 1583 2135 in

298 2171 476 2210 tentoriis
505 2168 540 2206 se
566 2167 871 2213 absconderent,
912 2176 1035 2214 neque
1059 2162 1106 2201 ab
1136 2163 1369 2212 imperatore
1403 2162 1437 2199 ὁὶ
1466 2158 1585 2197 tribu-

300 2235 358 2273 nis
381 2233 430 2271 nd
458 2243 627 2282 pugnam
656 2219 924 2278 capess'endam
954 2226 1056 2275 adigi
1083 2223 1244 2275 possent.
1275 2221 1431 2273 Insignis
1455 2220 1586 2260 ea.die

302 2298 346 2338 C.
369 2295 505 2336 fannii
533 2295 650 2334 virtus
680 2291 847 2340 exstitit,
877 2290 942 2341 qui
979 2290 1019 2329 C.
1051 2287 1154 2329 Laelii
1188 2298 1330 2337 gener,
1361 2285 1410 2324 iis
1436 2293 1521 2322 tum
1545 2283 1586 2322 in

352 2441 374 2481 Ε
399 2439 525 2473 xxiv.
551 2438 703 2473 macrob.
726 2437 893 2470 saturnal.
922 2447 952 2480 3.
985 2436 1051 2469 Jul.
1078 2433 1203 2478 Ohseq.
1231 2433 1335 2466 Oros.
1360 2444 1397 2475 5,
1420 2444 1455 2475 4.
1475 2430 1581 2466 Diod.

303 2494 326 2526 1.
351 2503 403 2537 32.
428 2497 447 2535 ,j
474 2491 580 2528 XXV.
606 2491 680 2523 sz.
701 2490 790 2533 [pit.
821 2489 968 2531 Appiam
998 2486 1137 2530 Hispan.
1161 2486 1268 2519 Mrab.
1292 2487 1316 2518 l.
1341 2495 1375 2529 3.
