1673 3052
313 189 400 251 ηε
676 189 1243 240 T1T1L1v11

304 294 420 341 ciam
438 293 600 356 jussus:
632 310 690 341 eo
715 294 878 342 addere
906 294 1133 344 sociorum
1161 298 1319 346 decem
1342 296 1482 347 millia
1507 317 1586 364 pe-

304 365 477 422 ditum,
508 366 558 412 &
579 363 814 413 sexcentos
831 365 1017 429 equites.

386 438 980 487 XX11.Senatuscon1ultis
1017 439 1223 503 perfeffis
1241 476 1256 499 ,
1299 442 1348 489 L.
1380 440 1589 489 AEmilius

303 511 464 561 consul
483 528 507 558 e
528 511 652 559 curia
671 511 718 560 in
747 512 1022 561 concionem
1042 514 1254 576 proceffit
1267 548 1284 573 ‚
1304 514 1585 561 orationem-

302 601 392 650 que
423 584 556 630 talem
583 584 752 633 habuit.
784 583 1135 648 Animadvertiffe
1164 588 1338 645 videor,
1370 588 1586 649 Quirites,

303 658 500 714 majorem
522 659 651 715 mihi,
665 659 818 718 sortito
845 659 1142 704 Macedoniam
1165 660 1458 719 provinciam,
1484 677 1586 721 gra-

301 733 547 780 tulationem
559 731 724 790 saliam
738 766 752 787 ,
784 750 909 792 quam
932 749 1021 777 cum
1041 749 1117 778 aut
1134 733 1280 793 consul
1300 732 1411 797 effim
1433 735 1588 795 consa-

303 810 488 859 lutatus,
510 821 585 850 aut
601 822 679 865 quo
707 805 774 849 die
795 805 1074 869 magf‘stratzcm
1101 802 1256 868 iniffim
1274 821 1291 851 .·
1309 823 1434 867 neque
1461 806 1511 851 id
1533 807 1586 851 ob

302 881 434 923 aliam
469 876 665 937 causam,
693 894 819 937 quam
842 878 940 936 quia
972 879 1073 922 bello
1095 879 1139 922 in
1163 879 1442 935 Macedonia,
1476 878 1590 939 quod.

305 954 379 997 diu
403 953 579 997 trahitur
592 981 608 1006 ,
627 951 890 1019 existimastis
909 953 1080 1012 dignum
1109 951 1314 1017 majestate
1327 953 1477 1013 populi
1493 953 1588 996 Ro-

303 1027 423 1071 mani
459 1027 616 1070 exitum
635 1042 711 1085 per
736 1043 798 1070 me
818 1027 978 1084 imponi
999 1023 1126 1088 poffe.
1165 1023 1287 1072 Deos
1317 1044 1470 1087 quoque
1492 1025 1590 1072 lucie

295 1094 568 1159 fczviffisorti
582 1097 724 1155 spero,
749 1097 981 1156 eosdemque
1009 1099 1055 1141 in
1075 1099 1191 1142 rebus
1208 1099 1396 1158 gerendis
1424 1093 1590 1158 affutu-

306 1189 372 1216 ros
400 1169 483 1233 effe.
522 1171 625 1215 Haec
638 1171 798 1230 partim
828 1171 1025 1230 opinari,
1050 1173 1209 1230 partim
1226 1170 1392 1230 sperare
1409 1166 1588 1232 poffitm.

305 1249 424 1291 lllud
440 1246 645 1307 affirmare
666 1263 743 1305 pro
773 1262 877 1291 certo
902 1247 1029 1290 habeo
1048 1249 1280 1305 audeoque,
1302 1262 1365 1290 me
1384 1246 1499 1290 omni
1516 1261 1589 1304 ope

305 1320 553 1380 annificrum
585 1319 655 1383 'effie
670 1354 685 1377 ,
718 1339 768 1365 ne
786 1319 1044 1385 frustrayos
1065 1321 1174 1364 hanc
1188 1319 1311 1379 spem
1330 1321 1379 1364 de
1399 1335 1460 1363 me
1485 1335 1588 1363 cotz-

305 1396 502 1455 ceperitc's.
542 1395 648 1454 Qua:
669 1396 734 1444 ad,
755 1395 902 1439 bellum
922 1411 1025 1452 opus
1037 1393 1168 1453 fient,
1198 1389 1241 1438 δ’
1253 1393 1430 1453 senatus
1457 1393 1587 1436 decre·

303 1472 391 1525 νίι,
418 1466 460 1514 6¹
480 1467 707 1528 (quoniam
728 1470 932 1526 extemplo
953 1467 1164 1527 proficisci
1178 1469 1318 1526 placet
1331 1500 1347 1521 ,
1371 1482 1497 1526 neque
1515 1481 1589 1526 ego

305 1546 352 1590 in
373 1560 490 1586 mora
503 1538 637 1603 sum)
677 1543 721 1586 C.
745 1543 933 1586 Licinius
952 1543 1134 1601 collega,
1162 1543 1228 1586 vir
1246 1542 1451 1601 egregius,
1482 1556 1588 1599 aeqzce

305 1615 416 1674 enise
435 1616 637 1673 parabit,
662 1612 769 1677 acsi
790 1612 873 1674 ipse
897 1612 945 1656 id
965 1613 1113 1656 bellum
1131 1613 1309 1678 gesturus
1327 1610 1432 1674 effet.
1473 1615 1517 1656 V
1515 1629 1589 1668 οε,

307 1687 603 1750 quaefiripstzro
615 1687 818 1747 stautai,
841 1700 915 1730 auc
935 1686 1077 1740 vohis,
1098 1687 1254 1731 credite.
1285 1686 1490 1731 Rumores-
1506 1703 1586 1730 cre-

308 1763 485 1806 dulitate
510 1760 636 1825 vestra
654 1777 704 1803 ne
723 1758 880 1813 alatis,
906 1774 1077 1816 quorum
1095 1755 1236 1802 auc‘lor
1257 1774 1374 1803 nemo
1401 1756 1587 1823 exstabit.

307 1836 422 1879 Nam
442 1851 552 1877 nunc
571 1834 733 1892 quidem
746 1867 763 1886 ‚
784 1833 894 1891 quod
912 1833 1036 1890 vulgo
1040 1831 1138 1888 fieri
1151 1864 1167 1885 ,
1194 1832 1272 1877 -Ιιοε
1284 1832 1486 1890 praecipue
1504 1830 1588 1875 bel·

306 1912 346 1954 lo
361 1942 376 1964 ‚
392 1909 670 1952 animadverti
684 1940 698 1963 ,
724 1923 842 1951 nemo
870 1919 957 1949 tam
975 1903 1109 1962 famae
1127 1919 1348 1949 contemtor
1361 1904 1438 1969 est,
1469 1902 1588 1960 cujus

306 2000 391 2027 non
416 1983 626 2026 debilitari
655 1982 825 2025 animus
836 1978 975 2040 poffi't.
1011 1980 1064 2022 Itz
1083 1978 1275 2023 omnibus
1301 1979 1491 2034 circulis,
1520 1992 1589 2022 at-

306 2073 378 2114 que
402 2057 524 2100 etiam
548 2055 623 2118 (si
635 2056 745 2099 Diis
763 2052 937 2114 placet)
963 2055 1007 2096 in
1027 2053 1232 2096 conviviis
1236 2052 1366 2111 sunt,
1390 2053 1460 2111 qui
1477 2068 1588 2096 exet·-

308 2132 411 2173 citus
433 2131 477 2172 isz
497 2129 797 2173 Macedoniam
822 2129 1005 2180 d5ucam
1037 2127 1107 2170 ubi
1137 2127 1264 2191 castra
1285 2125 1519 2189 locandas
1514 2140 1588 2180 nt,

297 2201 475 2261 scidam
505 2217 588 2259 quae
618 2204 708 2244 loca
732 2197 938 2261 praeszdiis
975 2200 1255 2257 occupanda;
1286 2199 1483 2257 quando,
1512 2212 1589 2241 auc

309 2292 390 2333 quo
407 2274 528 2333 sizltu
557 2276 756 2318 intranda
780 2274 1069 2327 Macedonia,
1096 2274 1165 2316 uhi
1186 2274 1329 2317 horrea
1350 2273 1587 2331 ponenda‚·

309 2366 390 2406 aqua
414 2364 545 2404 terra,
573 2350 691 2392 mari·
701 2348 989 2407 subvehantur
1007 2360 1253 2392 commeatus
1263 2364 1283 2400 ,·
1309 2347 1477 2405 quando
1494 2361 1586 2388 cum

307 2421 414 2483 hoste
434 2438 585 2466 manus
609 2412 855 2479 conserendae
869 2453 881 2473 ,
902 2422 1073 2480 quando
1090 2416 1452 2480 quieftendumstc.
1475 2417 1587 2472 Nec,

309 2498 414 2555 quid
437 2498 582 2541 melius
588 2495 838 2554 faciendum
847 2494 932 2559 fit,
958 2495 1083 2540 modo
1099 2493 1318 2559 statuunt,
1331 2492 1437 2552 sed,
1465 2491 1585 2549 quid-
