1673 3052
242 200 979 263 xHISTORIARUMLIB.
1019 199 1178 244 XLIII.
1315 196 1376 258 87

81 305 270 356 Antium
289 322 346 353 ex
366 305 550 352 flumine
570 304 803 352 Loracinae
830 306 1025 353 duceret.
1063 305 1110 351 Id
1128 320 1243 367 opus
1265 320 1375 351 cen·

81 392 180 427 tum
211 379 393 445 triginta
430 379 630 426 millibus
665 378 765 425 aeris
801 378 965 426 locaffe
995 379 1174 426 dicitur.
1210 377 1375 424 tabulis

81 469 266 517 quoque
296 451 426 517 piffls
458 468 513 498 ex
549 452 699 515 praeda
726 450 878 497 fanum
904 450 1149 514 AEsculapii
1177 467 1372 497 exorna-

81 525 167 572 vit.
195 523 415 573 Invidiam
446 523 768 588 infamiamque
792 524 846 570 ab
865 523 1077 571 Lucretio
1108 536 1374 570 averterunt

80 599 128 647 in
160 599 453 646 Hortensium
488 597 780 647 successorem
818 590 915 657 ejus
942 598 1168 645 Abderitae
1203 596 1373 659 legati,

2 680 9 683 ’
77 672 237 720 flentes
271 689 372 721 ante
402 673 571 721 curiam
592 710 606 733 .,
635 672 959 737 querentesque
978 709 992 731 ‚
1023 677 1222 736 oppidum
1240 673 1373 733 suum

77 749 132 793 ab
162 748 386 812 Hortensio
408 764 701 810 'expugnatum
737 766 786 793 ac
823 749 1023 807 direptum
1061 744 1142 810 ff.
1190 746 1371 805 Caufizm

79 823 237 867 excidii
256 820 385 885 fuiffi
414 824 536 877 urbi,
570 825 708 882 quod,
745 840 835 866 cum
871 836 1030 866 centum
1063 821 1202 864 millia
1237 822 1370 863 dena-

78 895 189 939 rizim
205 892 247 940 G
265 897 392 940 tritici
420 897 724 956 quinquaginta
749 897 888 940 millia
916 893 1103 939 modizim
1131 896 1370 953 imperaret,

64 970 259 1029 spatium
281 970 512 1030 petierunt,
541 989 620 1030 quo
646 972 692 1014 de
720 988 768 1014 ea
800 987 837 1013 re
864 967 906 1014 G*
925 970 985 1013 ad
1013 968 1242 1033 Hostilium
1265 984 1368 1011 con-

66 1043 202 1103 sulem
221 1041 264 1088 6·
287 1046 467 1090 Romam
484 1047 689 1090 mitterent
711 1047 883 1104 legatos.
918 1043 1111 1087 Vixdum
1140 1044 1201 1086 ad
1216 1041 1371 1099 consu-

76 1121 155 1162 lem
178 1117 228 1178 fi
253 1116 509 1181 pervenistis,
553 1115 595 1164 6³
633 1113 788 1179 audiffi
823 1117 1022 1176 oppidum
1058 1130 1371 1176 expugnatum,

68 1192 282 1251 primspes
300 1191 441 1251 ficari
465 1188 673 1253 [πενία-θὶς
691 1224 705 1246 ,
726 1190 811 1250 sub
845 1207 998 1234 corona
1030 1203 1177 1232 ceteros
1208 1184 1370 1248 vetuste.

76 1259 262 1324 Indigna
278 1260 445 1308 senatui
468 1260 584 1308 visa:
613 1261 1006 1321 decreveruntque
1026 1257 1179 1304 eadem
1199 1257 1251 1303 de
1271 1258 1367 1303 Ab·

75 1334 255 1392 deritis,
289 1352 391 1398 quae
425 1335 479 1381 de
506 1334 748 1382 Coronaeis
782 1334 1078 1381 decreverant
1107 1330 1259 1394 priore
1284 1347 1368 1376 an-

76 1423 170 1462 no;
198 1407 444 1471 eademque
479 1423 565 1470 pro
594 1406 821 1453 concione
854 1405 1029 1452 edicere
1066 1405 1126 1464 Q.
1147 1402 1366 1449 Maenium

75 1489 316 1542 praetorem
342 1479 572 1541 jufferunt.
612 1482 668 1525 Et
689 1479 819 1542 legati
842 1478 932 1524 duo
948 1515 964 1535 ‚
996 1478 1050 1524 C.
1070 1477 1365 1538 Sempronius

75 1551 238 1599 Blaesus
253 1589 267 1609 ,
288 1553 388 1598 Sex.
407 1552 547 1600 Julius
570 1551 741 1608 Caesar,
762 1552 816 1597 ad
842 1550 1142 1597 restituendos
1161 1549 1208 1595 in
1230 1549 1366 1595 liber-

73 1636 210 1670 tatem
230 1624 465 1671 Abderitas
483 1623 610 1669 miffi.
639 1622 796 1669 Iisdem
818 1623 1073 1669 mandatum
1088 1658 1101 1680 ,
1127 1636 1177 1668 ut
1196 1623 1245 1669 &
1263 1623 1365 1667 Ho-

74 1695 192 1743 stilio
225 1697 401 1765 consuli
432 1699 481 1745 &
509 1698 754 1744 Hortensio
781 1697 966 1760 praeiori
988 1697 1272 1754 nuntiarent,
1294 1695 1363 1742 se·

74 1781 230 1816 natum
247 1805 261 1828 ‚
282 1769 509 1817 Abderitis
531 1769 742 1832 injustum
761 1770 926 1816 bellum
953 1769 1155 1827 illatum,
1169 1768 1365 1832 conqui-

73 1842 202 1905 rique
238 1859 395 1890 omnes
415 1879 429 1902 ,
462 1843 541 1908 qui
570 1844 617 1889 in
646 1844 856 1891 servitute
888 1843 1001 1900 sint,
1039 1843 1089 1890 &
1115 1842 1284 1889 restitui
1314 1841 1363 1888 in

72 1913 347 1972 libertatem,
375 1932 554 1978 acquum
577 1915 766 1964 censere.

153 1991 210 2035 V.
241 1989 413 2036 Eodem
452 2003 660 2053 tempore
696 1990 749 2036 de
782 1991 835 2036 C.
867 1989 1046 2047 Caffio,
1084 1989 1163 2054 qui
1201 1990 1364 2039 consul

73 2061 226 2124 priore
257 2080 379 2110 anno
413 2062 589 2121 fuerat,
625 2074 720 2110 tum
746 2063 952 2110 tribunus
970 2063 1165 2110 militum
1192 2063 1239 2110 in
1260 2067 1362 2111 Ma-

75 2133 264 2181 cedonia
284 2153 385 2182 cum
405 2138 458 2183 A.
478 2135 673 2182 Hostilio
700 2149 820 2194 erat,
853 2137 1045 2199 querelae
1075 2139 1131 2184 ad
1159 2137 1361 2185 senatum

75 2206 231 2254 delatae
251 2207 352 2254 sunt
369 2245 386 2266 ,
418 2211 468 2256 &
488 2209 619 2273 legati
640 2211 749 2274 regis
777 2211 1016 2257 Gallorum
1035 2211 1250 2259 Cincibili
1276 2228 1361 2258 ve-

74 2293 254 2328 nerunt.
281 2285 431 2328 Frater
460 2281 555 2342 ejus
578 2284 716 2330 verba
745 2284 791 2329 in
818 2283 969 2331 senatu
999 2284 1132 2342 fecit,
1155 2285 1361 2347 questus,

14 2367 19 2372 ·
74 2351 345 2414 Alpinorum
369 2355 648 2415 populorum
671 2373 800 2418 agros
823 2356 1048 2403 sociorum
1078 2357 1258 2403 suorum
1280 2358 1360 2403 dc-

74 2423 340 2485 populatum
372 2425 426 2470 C.
458 2426 651 2472 Caffium
683 2428 800 2485 ess'e,
836 2430 886 2474 &
914 2429 1017 2474 inde
1044 2430 1183 2475 multa
1220 2431 1360 2477 millia

75 2494 316 2544 hominum
342 2498 388 2544 in
418 2497 675 2548 servitutem
704 2500 953 2563 abripuisse.
988 2501 1079 2548 Sub
1107 2501 1154 2549 id
1183 2515 1358 2566 tempus

1011 2586 1107 2643 F4
