1673 3052
277 187 375 242 4ὶο
417 182 510 228 JO.
544 174 1085 225 FREtNSHEMu
1130 172 1505 221 SUPPLEM.

274 302 459 344 tepor-tare
488 286 687 339 Sexaginta
709 285 863 337 amplius
891 283 979 323 anni
997 283 1084 337 sunt
1097 313 1108 332 ,
1125 297 1170 322 ex
1194 296 1285 336 quo,
1297 282 1410 336 pulsis
1429 281 1570 336 Hispa,-

279 355 343 391 nia
357 353 479 391 Poenis
490 381 502 400 ‚
513 351 634 403 nostris
649 348 857 386 exercitibus
877 347 1087 398 ducibusque
1097 346 1202 397 figna
1223 343 1371 398 conferre
1385 344 1546 398 coepimus
1559 358 1571 382 .-

274 429 352 469 quae
372 426 444 453 toto
469 428 507 452 eo
529 409 834 463 temporecasuum
861 407 1020 446 varietas
1037 406 1150 458 fuerit
1164 435 1176 454 ,
1197 419 1452 444 commemorare
1476 404 1570 442 nihil

275 478 415 516 attinet.
450 476 516 514 hoc
539 476 657 526 utique
681 484 780 510 tamo
802 470 964 523 temporis
992 467 1221 520 experimento
1249 467 1410 520 cognosti
1428 467 1570 520 potuit,

278 551 412 595 gentem
437 539 638 590 Lufitanam
660 549 764 588 neque
787 533 947 585 exscindi
963 530 1133 584 fizcilem,
1155 544 1260 582 neque
1275 529 1415 582 servitii
1434 530 1573 584 patien-

253 594 258 599 ⁸
278 615 344 641 tem
365 601 441 654 ff.
465 600 630 652 Denique
640 600 694 650 fic
718 598 876 635 habetote
893 625 904 643 ‚
918 594 1111 633 libertatem
1138 592 1241 630 nohis
1265 592 1343 630 vita
1365 591 1571 639 dulciorem,

278 665 330 703 ad
352 663 466 701 vitam
493 675 597 715 porro
630 658 822 711 ducendam
838 685 850 703 ,
867 669 952 708 agro
980 653 1015 691 δ’
1037 653 1206 706 frugibus
1230 665 1320 705 opus
1349 652 1424 705 effi.
1455 653 1524 690 liaec
1537 652 1575 702 fi

277 724 468 764 tribueritis
485 753 496 771 ‚
524 722 623 760 illam
651 718 861 772 reliqueritis
895 717 1086 764 tumeliam,
1114 714 1206 753 Diis
1233 714 1314 752 bene
1331 713 1573 766 juvantibus,

278 785 460 840 efficiemus
474 814 488 832 ‚
507 797 547 821 ne
573 796 670 834 quem
691 782 865 832 sociorum
895 778 1074 831 vestrorum
1098 776 1174 826 fide
1205 785 1309 828 atque
1335 773 1464 831 virtute
1489 783 1570 811 ante

279 849 467 900 Lufitanos
495 845 558 897 effi:
581 844 781 896 opinemini.

333 912 486 955 XXIX.
515 913 608 953 Non
639 910 836 961 displicuit
862 908 1014 959 praetori
1040 906 1214 945 conditio
1237 918 1246 946 z
1282 907 1442 956 jamque
1459 906 1570 956 padta

278 976 547 1016 sanciebantur
564 1007 574 1022 ‚
600 986 688 1014 cum
710 972 906 1012 Viriathus
920 1001 930 1019 ,
953 972 1085 1024 Ecquae
1106 970 1175 1008 haec
1192 969 1337 1023 insania
1357 969 1421 1022 est,
1443 966 1570 1007 excla-

280 1044 360 1076 mat
374 1066 385 1084 .,
400 1036 468 1073 viri
484 1037 505 1074 Ρ
528 1037 713 1087 Quotquot
737 1035 839 1072 hodie
870 1034 926 1071 lzr'c
945 1035 1069 1086 sumus
1084 1061 1095 1077 ,
1121 1031 1289 1068 Romanae
1309 1031 1487 1084 perfidiae,
1511 1031 1570 1068 νὶ-

279 1111 357 1138 tata
383 1098 508 1136 Galbae
526 1095 679 1149 fraude,
708 1097 827 1134 vitata
854 1095 1025 1140 Luculli,
1051 1093 1203 1144 reliquiae
1221 1092 1372 1144 sumus.-
1402 1091 1573 1144 multipli-

276 1177 345 1203 cem
371 1163 557 1215 nostrorum
591 1174 765 1199 numerum
800 1160 888 1197 idem
921 1158 982 1196 ille
1001 1188 1012 1205 ‚
1043 1172 1109 1209 quo
1137 1170 1229 1194 nunc
1260 1158 1438 1208 petimur,
1467 1156 1572 1193 dolus

279 1227 403 1277 hausit.
434 1225 630 1263 Nocentior
651 1225 804 1262 Romani
832 1224 956 1262 dextra
983 1223 1048 1274 est,
1073 1235 1148 1259 cum
1171 1221 1281 1272 pofito
1296 1217 1393 1271 ferro
1412 1218 1515 1270 pacis
1535 1219 1572 1256 6³

274 1288 362 1338 fidei
382 1286 568 1339 ministram
582 1286 740 1336 stmulat.
765 1287 887 1336 Neque
906 1285 1023 1322 adhuc
1037 1297 1074 1320 eo
1100 1284 1282 1320 deventum
1300 1310 1313 1326 ,
1337 1291 1375 1317 ut
1388 1309 1400 1327 .,
1410 1280 1448 1330 fi
1466 1279 1570 1317 dedi-

279 1351 373 1388 tione
394 1349 461 1386 tuti
484 1348 546 1400 effi
567 1348 754 1400 poffemus,
782 1359 917 1385 tantum
942 1345 1117 1384 dedecoris
1131 1345 1181 1393 fit
1198 1343 1426 1396 subeundum.
1458 1343 1500 1381 Si
1516 1343 1572 1380 ob-

274 1411 374 1464 sequi
398 1408 623 1463 salutaribus
651 1409 803 1461 imperiis
828 1407 994 1461 potestis,
1023 1415 1155 1456 parata
1188 1402 1273 1439 mihi
1300 1401 1391 1440 ratio
1414 1404 1481 1455 est,
1502 1417 1572 1456 qua

280 1473 469 1512 incolumes
485 1474 609 1524 fimus.
648 1471 840 1511 Omnibus
869 1467 1123 1520 promtiffime
1151 1477 1305 1516 operam
1332 1464 1575 1515 obsequium.

280 1547 356 1584 que
384 1532 657 1584 pollicentibus
677 1562 689 1580 .,
721 1533 935 1572 exercitum
974 1530 1156 1569 eductum
1188 1526 1295 1566 velut
1320 1527 1369 1565 ad
1400 1539 1570 1577 pugnam

280 1595 447 1636 instruit:
480 1594 585 1633 mille
614 1606 663 1633 ex
695 1594 752 1633 his
787 1593 956 1633 delectos
981 1604 1133 1631 manere
1160 1589 1313 1637 secum,
1336 1598 1505 1636 ceteros,
1529 1602 1570 1628 ut

278 1659 423 1712 primum
449 1655 613 1708 vidiffim
643 1671 730 1708 equo
763 1655 987 1707 influentem,
1021 1652 1192 1706 disperfhs
1220 1651 1259 1688 in
1282 1663 1412 1687 omnem
1434 1662 1568 1702 partem

279 1728 437 1757 contente
447 1715 572 1769 fugere
584 1746 596 1762 ,
609 1715 743 1765 jubet,
759 1715 980 1755 admonitos
993 1744 1005 1760 ,
1019 1726 1057 1752 ut
1069 1714 1118 1752 ad
1130 1712 1242 1751 urbem
1259 1709 1435 1748 Tribolam
1447 1711 1489 1763 se
1507 1724 1568 1763 op-

278 1791 482 1834 perventur.
1497 1790 1499 1792 ’

326 1851 461 1890 XXX.
474 1848 652 1895 Vetilius‚
666 1847 851 1887 abeuntes
867 1854 972 1886 metu
986 1845 1233 1885 resistentium
1245 1842 1393 1895 insequi
1407 1855 1486 1882 non
1502 1855 1567 1882 au-

281 1911 358 1961 sus,
371 1911 529 1962 suosque
547 1923 652 1962 paene
669 1911 865 1950 dedititios
880 1918 1010 1962 parato
1025 1910 1283 1960 instructoque
1298 1908 1393 1959 eripi
1409 1907 1544 1947 dolens
1555 1940 1565 1958 ‚

282 1975 440 2014 tandem
461 1975 500 2012 in
523 1973 738 2013 Viriathum
764 1974 935 2012 vertitur.
969 1975 1017 2012 At
1041 1971 1107 2011 ille
1130 1971 1347 2022 pernicibus
1371 1971 1476 2020 equis
1501 1981 1567 2008 co·

281 2046 418 2080 :natum
442 2036 558 2076 hostis
581 2049 739 2075 omnem
764 2035 946 2082 eludens,
970 2035 1089 2074 modo
1105 2034 1267 2085 fugienti
1293 2033 1446 2081 similis,
1462 2033 1570 2073 dein-

286 2102 336 2140 de
358 2100 527 2139 restitans
543 2130 554 2148 ‚
576 2112 853 2149 nonnunquam
884 2097 983 2137 ultro
1013 2097 1176 2135 minatus
1200 2095 1508 2146 impreffionem,
1531 2097 1568 2136 δε

287 2175 333 2201 eo
354 2162 432 2208 die,
446 2163 480 2202 ἃ
500 2160 671 2211 sequenti
690 2168 772 2198 toto
786 2190 796 2208 ‚
809 2159 1005 2199 Romanos
1022 2157 1158 2197 iisdem
1173 2157 1212 2196 in
1228 2157 1374 2208 campis
1391 2157 1567 2198 detinuit.

287 2224 390 2264 Tum
403 2235 492 2262 vero
506 2254 516 2271 ‚
529 2222 602 2261 suis
619 2222 772 2261 abunde
789 2221 899 2271 spatii
914 2221 961 2260 ad
976 2220 1217 2260 securitatem
1234 2219 1335 2272 fugae
1352 2219 1461 2260 fuisse
1476 2233 1571 2260 con-

289 2288 434 2334 jectans
450 2314 460 2333 ‚
476 2287 592 2323 noetu
615 2296 681 2334 per
706 2285 857 2334 ignotas
882 2284 960 2322 vias
977 2296 1164 2333 equorum
1187 2283 1379 2323 celeritate
1395 2282 1542 2323 ablatus
1556 2313 1567 2333 ,

289 2347 485 2388 Romanos
504 2347 617 2386 armis
642 2346 818 2394 onustos,
842 2344 1108 2396 imperitiaque
1122 2344 1297 2385 locorum
1311 2346 1346 2386 <Sc
1361 2345 1569 2397 imparibus

337 2478 358 2522 ,S
393 2477 517 2513 XXIX.
542 2478 656 2512 Front.
679 2480 780 2512 Strat.
800 2490 818 2510 2
833 2506 841 2518 ,
864 2488 915 2521 13·
943 2478 1085 2521 Appian.
