1673 3052
251 164 336 211 IN
381 160 724 210 L1OC.L113
776 158 895 205 Lu
949 156 1340 218 L1v.413

61 267 190 313 Diaeus
203 272 304 310 recta
319 266 596 320 Megalopolim,
610 266 770 317 patriam
783 264 906 312 suam,
917 263 1084 303 intendit
1098 257 1262 305 cursum.
1279 259 1346 311 qui

3 335 5 337 ’
63 333 90 373 fi
113 319 288 374 Corinthi
311 328 590 370 munitionibus
615 328 758 378 seque,
789 329 825 367 ἃ
849 326 915 376 qui
944 339 990 366 ex
1021 329 1110 375 tuga
1136 322 1343 374 potuissent

6 394 10 399 ’
65 382 222 445 colligi,
248 392 340 433 effet
368 399 536 439 tutatus,
556 388 737 441 potuisset
768 386 965 427 consulem
989 386 1103 425 taedio
1133 384 1344 424 obsidionis

62 451 115 494 ad
146 453 387 495 conditiones
412 466 492 491 non
517 450 762 501 iniquiffimas
783 449 994 490 adducere.
1031 459 1134 486 nunc
1159 459 1249 485 vero
1255 444 1348 485 sta-

10 518 20 534 '·
64 507 137 555 tim
165 524 279 566 atque
314 514 497 553 inclinare
529 512 616 552 suos
650 511 778 561 sensit,
805 519 887 550 tota
917 509 983 561 spe
1006 508 1180 558 abjecla,
1203 506 1346 557 refugit

64 575 254 626 domum3
291 588 411 628 eaque
432 575 608 623 incensa,
630 575 865 625 conjugem,
886 584 934 610 ne
956 572 998 610 in
1024 569 1187 610 hostium
1203 569 1349 607 veniret

62 638 289 690 potestatem
304 668 316 687 ,
339 636 556 684 interfecit,
571 634 729 686 ejusque
755 646 894 685 corpus
917 634 958 672 in
978 631 1202 671 incendium
1226 629 1346 677 misit,

62 699 144 752 ipse
169 712 316 739 veneno
345 706 463 750 epoto
490 698 609 738 vitam
636 696 776 748 posuit.

119 762 206 802 XV.
239 763 289 801 At
312 762 377 812 qui
400 762 438 800 in
465 760 598 800 urbem
624 759 853 800 Corinthum
880 758 1154 808 confugerant,
1175 753 1349 794 absentia

67 821 176 865 ducis
197 825 412 876 perterriti„
436 827 549 866 noete
573 825 751 876 proxima
777 836 910 863 omnes
933 821 1062 872 dilapsi
1084 820 1194 860 sunt:
1223 818 1352 858 exces-

65 889 193 928 serunt
209 889 324 941 etiam
343 888 629 929 Corinthiorum
646 901 721 938 prae
742 899 882 938 pavore
897 884 1070 936 plurimi,
1087 895 1238 932 omn-es,
1255 894 1350 933 quos

63 950 107 990 in
128 951 221 990 urbe
245 950 311 991 sua
337 949 416 990 non
439 950 644 998 videbant,
673 958 807 1001 captos
836 947 995 988 czesosve
1020 946 1102 986 rati.
1146 958 1270 996 neque
1295 954 1353 983 ta-

66 1027 158 1054 men
170 1013 302 1053 consul
315 1045 326 1062 ‚
339 1013 432 1052 licet
441 1025 601 1053 vacuam
618 1012 832 1064 apertisque
846 1011 964 1062 portis
978 1008 1215 1049 indefensam
1227 1038 1238 1057 ,
1261 1019 1352 1046 con-

68 1074 178 1114 tinuo
195 1075 344 1125 ingredi
361 1073 506 1123 voluit,
526 1074 748 1114 insidiarum
777 1082 897 1112 metu.
920 1072 1051 1112 Tertio
1081 1072 1239 1109 demum
1263 1070 1347 1118 die,

67 1136 251 1176 omnibus
266 1134 493 1186 exploratis,
518 1133 749 1174 Corinthum
771 1134 947 1173 Romana
973 1133 1074 1181 ligna
1099 1132 1350 1169 intraverunt.

68 1197 231 1249 puberes
254 1196 391 1247 reliquii
416 1209 438 1235 a
462 1195 647 1235 militibus
675 1196 867 1235 interemti
889 1195 1008 1233 ferme
1035 1193 1143 1242 sunt3
1171 1193 1352 1233 mulieres

68 1259 258 1310 puerique
280 1256 348 1296 sub
365 1268 507 1296 corona
524 1257 687 1296 veniere.
717 1257 846 1295 multos
868 1256 970 1293 etiam
984 1255 1142 1306 flammis
1161 1253 1355 1306 confutatos

69 1322 147 1375 effe,
163 1320 347 1361 traditur:
373 1320 466 1360 dum
480 1319 568 1359 urbs
581 1351 593 1366 ,
608 1318 813 1358 crudeliter
826 1319 931 1368 prius
953 1317 1100 1368 direpta
1113 1347 1123 1366 ,
1141 1315 1353 1368 praecinen-

69 1391 109 1422 te
122 1382 215 1422 tuba
234 1380 392 1421 deletur.
420 1382 567 1420 Tantum
583 1382 674 1419 enim
690 1379 798 1435 suff
815 1378 1024 1416 incendium
1045 1375 1195 1421 ferunt,
1218 1385 1257 1410 ut
1278 1386 1355 1410 cum

71 1446 166 1483 omni
190 1459 234 1483 ex
253 1455 355 1497 parte
375 1442 532 1497 fitbjeHaz
561 1442 718 1492 aedficiis
739 1439 841 1492 faces
868 1438 968 1490 effe-nt
985 1466 995 1484 ,
1020 1436 1190 1488 quidquid
1210 1447 1356 1485 compre-

69 1508 211 1560 lzenfitm
237 1507 332 1544 intra
361 1505 486 1542 moenicz
506 1503 607 1556 fuit,
633 1504 773 1541 eundem
801 1503 839 1539 in
869 1501 948 1551 zpic
950 1514 998 1536 em
1027 1498 1225 1536 coeuntibus
1245 1496 1355 1546 flam-

69 1568 161 1617 mis,
185 1580 353 1620 tanquam
372 1570 464 1605 unus
487 1566 582 1618 zgnis
608 1567 750 1603 ‘zi-dm
792 1564 917 1612 Atque
948 1560 978 1598 is
1002 1560 1184 1608 deinceps
1213 1559 1354 1604 etiam,

69 1637 162 1666 cum
190 1627 379 1667 cineribus
406 1625 682 1676 ruderibusque
708 1623 851 1674 sopitus
878 1624 912 1661 ὃς
930 1620 1122 1672 oppreslus
1139 1619 1353 1665 videretur,

71 1689 142 1728 diu
170 1690 327 1729 retinuit
350 1690 568 1737 fervorem·,
594 1687 860 1738 perieruntque
890 1697 936 1723 eo
967 1684 1046 1722 fato
1079 1681 1189 1720 multi
1217 1681 1357 1720 Roma-

70 1751 236 1800 norum,
266 1764 362 1802 quos
376 1759 392 1799 ¹,
422 1751 471 1790 ad
494 1749 739 1789 scrutandum
766 1759 899 1786 aurum
920 1746 1168 1795 argentumve
1192 1742 1357 1782 flammis

70 1813 321 1865 liquefactum
335 1845 347 1861 ,
364 1813 518 1853 avaritia
538 1814 578 1852 in
601 1812 792 1850 fumantes
819 1808 947 1848 adhuc
965 1808 1090 1847 ruinas
1111 1805 1275 1844 miserat.

128 1876 231 1915 XVI.
265 1875 367 1915 Muri
393 1875 554 1923 deinde,
575 1874 638 1936 qui
664 1872 734 1911 soli
763 1870 1037 1915 remanserant,
1060 1868 1234 1907 funditus
1265 1866 1353 1905 sunt

9 1969 12 1972 >
74 1937 215 1983 diruti,
242 1937 359 1976 etiam
388 1935 579 1987 lapidibus
603 1937 641 1974 in
663 1934 859 1985 pulverem
898 1932 1159 1971 comminutis.
1188 1930 1247 1969 Ita
1273 1929 1358 1968 Co-

70 1990 244 2038 rinthum
266 1999 307 2039 L.
334 1997 548 2039 Mummius
580 1997 718 2035 evertit
740 2009 785 2034 ex
802 1992 1125 2034 senatusconsulto
1140 2021 1150 2040 ,
1173 1991 1278 2041 quod
1303 1990 1356 2029 ibi

72 2060 287 2101 violatum
277 2074 318 2099 in
336 2060 477 2112 legatis
493 2059 666 2110 gentium
689 2060 748 2108 jus
765 2057 911 2105 fuer1t3
935 2056 1016 2106 post
1039 2067 1156 2093 annos
1182 2066 1356 2103 nongen-

74 2131 134 2163 tos
157 2123 453 2175 quinquaginta,
477 2135 592 2172 quam
617 2121 664 2160 ab
684 2120 792 2161 Alete
809 2151 818 2168 ‚
844 2119 1026 2169 Hippotis
1047 2117 1152 2163 filio,
1178 2116 1240 2165 qui
1268 2115 1359 2153 sex-

76 2192 138 2223 tus
160 2183 208 2222 ab
234 2182 400 2224 Hercule
423 2191 667 2229 numeratur,
697 2181 851 2220 condita
874 2180 1008 2218 fuerat.
1044 2179 1124 2229 Hac
1150 2176 1356 2215 acerbitate

75 2258 276 2297 poenarum
292 2257 389 2296 opus
405 2244 602 2284 videbatur
614 2274 625 2292 ,
649 2252 717 2293 ut,
731 2243 835 2293 quod
853 2242 1060 2293 imperium
1080 2240 1265 2279 hactenus
1282 2239 1359 2277 cle-

71 2344 74 2347 .
128 2364 150 2407 §
177 2363 267 2398 XIV.
295 2363 418 2396 Zonar.
442 2362 580 2395 Pausan.
608 2362 725 2395 Just’m.
746 2371 812 2404 34,
839 2373 869 2393 2.
895 2361 1019 2392 Aut-*tor
1051 2360 1089 2391 de
1111 2360 1183 2390 Vir,
1211 2359 1258 2390 ill.
1284 2369 1312 2389 c.
1337 2368 1354 2398 ς

81 2414 115 2447 δ(
143 2414 196 2447 60.
224 2416 244 2459 §
273 2415 348 2448 XV.
379 2415 517 2447 Pausan.
545 2414 670 2446 Austor
701 2415 739 2446 de
764 2414 837 2446 Vir.
869 2414 916 2447 ill.
942 2415 1062 2448 donar.
1092 2411 1209 2444 Florus
1234 2421 1277 2447 2.
1305 2408 1357 2441 16·

78 2466 182 2502 oros.
202 2479 232 2510 5,
260 2479 291 2513 3.
314 2467 434 2504 Justin.
457 2468 574 2502 Suidas
599 2469 633 2502 in
661 2473 819 2500 τέτηκα,
