1673 3052
297 198 844 248 HISTORIARUM
877 203 1002 249 LIB.
1038 202 1203 251 XLIV.
1291 221 1381 270 137

123 327 128 332 ·
172 308 297 357 XXI.
331 306 504 371 Legatis
534 306 719 366 auditis,
743 318 852 355 tunc
883 307 936 354 de
959 307 1081 356 bello
1108 307 1274 355 referre
1294 307 1384 356 sese

107 383 157 428 L.
177 380 380 428 AEmilius
405 380 533 427 dixit.
563 381 749 428 Senatus
769 381 997 440 decrevit,
1021 399 1067 428 ut
1091 385 1136 428 itz
1154 382 1240 428 οἶέο
1255 385 1383 444 legio-

108 473 179 501 nes
206 473 348 517 parem
380 473 592 502 numerum
624 458 880 502 tribunorum
913 458 1096 517 consules
1127 453 1169 502 θ’
1195 460 1383 516 populus

102 542 311 574 trearent:
339 529 466 582 creari
494 544 629 574 autem
649 530 852 574 neminem
882 547 927 574 eo
961 547 1073 574 anno
1090 533 1277 588 placere,
1301 527 1388 591 nist

105 602 178 660 qui
201 601 390 646 honorem
410 598 585 665 geffi'ffit.
623 604 730 647 Tum
761 620 815 647 ex
841 604 1036 647 omnibus
1062 603 1241 646 tribunis
1268 604 1382 646 miE-

106 687 194 717 tum
217 674 282 718 uti
310 675 358 717 L.
374 675 582 719 AEmilius
601 675 647 718 in
665 675 771 718 duas
791 676 968 735 legiones
984 675 1030 718 irz
1051 674 1380 730 Macedoniam,

106 762 208 804 quos
235 763 370 791 eorum
402 746 527 802 velit,
561 746 712 807 eligat,
743 743 786 792 ὃ)
815 762 886 804 ut,
902 747 1103 806 sollemni
1132 747 1382 792 Latinorum

97 819 272 882 perfefio
286 855 300 876 ‚
321 821 368 866 L.
385 823 591 866 AEmilius
615 821 760 880 consid
770 855 783 877 ‚
806 823 881 866 Cn.
903 822 1105 866 Οὲἳανίιις
1115 835 1293 881 praetor,
1313 825 1382 867 cui

105 891 239 955 claffis
267 889 488 954 obtigiffet,
522 893 569 936 itt
586 894 849 951 provinciam
874 893 1202 953 proficiscantur.
1241 892 1384 938 Addi-

104 974 176 1009 tus
201 963 261 1009 est
286 962 354 1009 his
386 961 540 1009 tertIus
574 964 622 1009 L.
655 962 845 1012 Anicius
881 977 1078 1026 praetor‚
1107 963 1235 1025 cujus
1264 963 1382 1011 inter

105 1035 365 1100 peregrinos
393 1033 635 1096 jurisdiffio
668 1047 777 1083 erat.
811 1053 913 1084 eum
939 1038 987 1083 in
1013 1037 1302 1099 provinciam
1324 1037 1383 1084 11-

104 1106 302 1172 lyricum
335 1107 453 1155 circa
483 1107 769 1172 Lychnidum
802 1109 887 1171 Ap.
919 1108 1112 1156 Claudio
1145 1108 1380 1156 succedere

104 1179 286 1242 placuit.
322 1179 547 1227 Deleffixs
565 1197 673 1227 eura
692 1182 745 1228 C.
768 1181 945 1229 Licinio
968 1182 1142 1229 consuli
1160 1182 1384 1245 impofita.

105 1252 142 1300 is
159 1252 324 1316 septem
342 1253 480 1300 millia
506 1254 679 1302 civium
700 1256 1015 1303 Romanorum
1034 1257 1085 1303 &
1104 1255 1277 1319 equites
1297 1257 1382 1303 du·-

105 1338 261 1375 centos
286 1327 476 1374 scribere
502 1327 664 1387 juffus;
694 1331 744 1376 &
770 1328 902 1378 sociis
929 1329 1127 1377 nominis
1146 1329 1293 1376 Latini
1315 1330 1383 1377 se-

100 1411 224 1463 ptem
246 1399 384 1446 millia
405 1400 605 1462 peditum
625 1401 841 1463 imperare
857 1438 870 1457 ,
884 1401 1235 1464 quadringentos
1253 1402 1382 1465 equi-

101 1485 204 1528 τρες,
227 1474 276 1520 &
294 1474 382 1520 Cn.
399 1473 593 1520 Servilio
613 1473 806 1520 Galliam
839 1475 1061 1520 obtinenti
1091 1475 1380 1537 provinciam

105 1544 254 1594 literas
284 1545 482 1603 mittere,
513 1558 563 1592 ut
595 1545 830 1593 sexcentos
860 1547 1031 1609 equites
1063 1547 1379 1595 conscriberet.

108 1618 244 1665 Hunc
265 1618 510 1664 exercitum
544 1618 600 1664 ad
625 1611 844 1682 collegam
876 1618 1024 1680 primo
1049 1635 1236 1682 quoque
1268 1630 1380 1665 tem-

104 1691 426 1755 pore-mittere
459 1692 508 1738 in
537 1692 848 1739 Macedoniam
880 1690 1027 1753 jussus.
1064 1708 1210 1755 neque
1249 1693 1294 1738 in
1332 1709 1381 1739 ea

105 1763 347 1826 provincia
376 1763 474 1827 plus
494 1781 627 1827 quam
651 1765 757 1811 duas
787 1764 986 1828 legiones
1004 1766 1088 1812 effe
1098 1765 1114 1821 ';
1140 1781 1211 1812 eas
1232 1766 1382 1828 reple-

102 1836 168 1895 ri,
190 1849 241 1884 ut
265 1836 368 1884 sena
385 1837 524 1885 millia
540 1838 739 1901 peditum
752 1874 765 1896 ,
785 1850 993 1885 trecenos
1012 1840 1227 1886 haberent
1247 1838 1379 1901 equi-

104 1920 186 1956 tes.
208 1921 394 1957 .ceteros
424 1911 594 1974 equites
632 1911 887 1973 peditesque
916 1911 962 1957 in
989 1911 1198 1973 praesidiis
1226 1911 1378 1973 dispo-

105 1980 168 2027 ni.
203 1981 281 2044 qui
307 1997 465 2029 eorum
500 1982 656 2029 idonei
685 1983 740 2030 ad
770 1983 1053 2029 militandum
1086 1999 1180 2029 non
1213 1983 1379 2038 essent,

104 2053 284 2100 dimitti.
310 2050 494 2102 ‘Decem
524 2067 737 2118 praeterea
766 2054 904 2100 millia
936 2054 1134 2118 peditum
1165 2056 1380 2117 imperata

104 2125 266 2183 sociis,
303 2127 353 2173 δέ
379 2127 625 2191 octingenti
657 2128 845 2191 equites.
880 2128 928 2174 Id
956 2128 1148 2191 praefidii
1180 2129 1379 2175 additum

104 2197 298 2254 Anicio,
317 2210 479 2259 praeter
503 2198 612 2244 duas
632 2198 834 2263 legiones
849 2235 863 2257 ‚
880 2216 991 2262 quas
1013 2212 1192 2262 portare
1213 2200 1260 2246 in
1279 2202 1381 2246 Ma-

105 2269 337 2320 cedoniam
371 2269 432 2316 est
455 2269 617 2331 juffus,
649 2272 786 2335 quina
817 2272 954 2319 millia
982 2273 1182 2334 peditum
1215 2275 1265 2319 ὅ(
1295 2272 1380 2318 du-

106 2355 245 2385 cenos
280 2340 525 2399 habentes,
561 2354 768 2389 trecenos
801 2344 1003 2406 equites:
1045 2345 1094 2391 &
1125 2343 1171 2388 in
1206 2343 1381 2390 classem

106 2409 307 2473 quinque
330 2411 466 2457 millia
497 2412 724 2459 navalium
759 2413 929 2458 socium
962 2413 1061 2459 sunt
1091 2413 1266 2475 scripta.
1302 2413 1379 2459 Li-

109 2483 253 2532 cinius
279 2484 436 2533 consul
467 2485 634 2533 duabus
667 2485 920 2550 legionibus
950 2487 1156 2534 obtinere
1187 2486 1380 2550 provin-
