1673 3052
264 192 360 237 274
427 177 526 224 JO.
562 175 1075 223 FREINSHEMH
1108 176 1458 227 SUPPLEM.

258 286 458 326 rationibus
482 295 677 336 corruptam
690 313 701 331 ,
726 284 777 321 ad
800 281 970 337 majorum
995 284 1177 337 exemplar
1196 284 1331 338 legibus
1353 297 1458 340 atque
1483 300 1558 327 ma.

256 348 460 402 gifhatibus
476 346 609 383 obedire
619 346 782 397 fluerent.
808 344 942 395 Itaque
959 343 1098 385 dimiffi
1114 347 1255 387 deinde
1276 347 1386 397 sunt,
1403 348 1557 388 mulerae

263 410 436 449 maxima
463 415 571 458 parte
600 406 774 456 remissa,
803 419 843 445 ut
864 408 906 445 de
932 408 1131 460 quingentis
1160 421 1295 448 centum
1319 411 1557 449 tantummodo

255 472 398 513 talenta
418 471 618 522 penderent.
983 518 988 522 ¹
1472 475 1477 485 ·’

316 531 466 571 XXVI.
495 530 654 571 Interim
677 529 715 569 in
737 529 820 570 Asia
839 528 986 569 bellum
1011 530 1109 570 inter
1133 531 1304 572 Attalum
1329 534 1366 573 &
1393 531 1558 573 Prusiam

259 605 370 643 reges
389 587 595 633 exarserat.
615 605 692 643 quo
717 591 875 631 inferior
897 592 1071 641 Attalus,
1096 605 1186 632 cum
1207 593 1256 633 ab
1276 593 1382 633 hoste
1408 606 1560 645 urgere-

259 664 346 703 tur,
373 655 411 697 P.
427 654 590 710 Lentulo
604 685 615 702 ,
634 654 699 705 qui
726 654 885 693 tum'ex
909 654 991 694 Afia
1013 654 1300 704 revertebatur,
1327 655 1558 696 Athenaeum

258 717 420 756 fratrem
444 717 643 765 adjunxit,
668 728 705 754 ιιι
722 718 886 767 senatum
911 718 952 754 de
979 717 1079 755 rebus
1106 716 1266 754 omnibus
1294 716 1469 755 certiorem
1490 716 1558 769 fiz-

257 791 345 818 ceret
358 810 370 828 ,
386 794 428 818 ac
443 781 492 818 ad
513 792 608 832 opem
618 777 688 828 fibi
701 777 795 828 serio
808 775 992 829 ferendam
1019 778 1224 816 hortaretur.
1264 776 1425 818 Miserat
1442 785 1557 817 antea

257 842 420 892 quidem
446 840 743 886 Andronicum,
764 839 831 890 qui
853 838 1010 877 doceret
1030 838 1156 878 Patres
1173 868 1183 886 ,
1209 854 1232 877 a
1262 839 1385 890 Prusia
1399 838 1441 891 ft
1466 838 1558 892 infe-

252 906 339 958 stari
356 919 367 943 .·
387 903 454 943 sed
479 903 518 941 hi
537 902 664 953 potius
686 899 883 948 arbitrati,
901 899 1073 940 Attalum
1095 899 1263 952 Bithyno
1287 900 1555 940 imminentem

260 979 394 1017 parare
415 965 482 1005 s1bi
505 962 746 1015 probabilem
771 962 890 1002 causae
914 961 1106 1013 speciem,
1129 976 1209 1001 rem
1236 962 1388 1014 insuper
1411 962 1556 1002 habue-
1576 1006 1579 1007 ⁷

260 1037 375 1076 runt3
398 1041 444 1068 eo
468 1029 612 1078 magis,
635 1026 740 1077 quod
762 1027 797 1065 ἅ
821 1024 1198 1072 Nicomedes,filius
1222 1025 1378 1075 Prufiae,
1398 1027 1434 1066 Sc
1449 1025 1556 1077 lega·

260 1097 322 1128 tus
340 1087 560 1139 Antiphilus
576 1087 790 1138 negabant,
812 1088 1004 1139 quidquam
1024 1101 1135 1125 eorum
1149 1088 1283 1139 saelum
1296 1117 1308 1135 ,
1321 1102 1395 1140 quae
1414 1089 1556 1126 Andro-

258 1153 361 1190 nit-zu
377 1151 514 1190 diceret.
537 1148 654 1190 l’aulo
679 1155 808 1187 autem
836 1147 941 1199 post,
966 1160 1055 1186 cum
1069 1177 1078 1194 ,
1100 1147 1183 1198 ipso
1209 1159 1362 1187 rumore
1383 1162 1442 1188 res
1463 1162 1556 1200 per·

260 1215 423 1261 serente,
437 1213 612 1252 viderent
634 1213 782 1260 Patres,
795 1225 874 1250 non
895 1210 968 1250 effe
986 1210 1117 1258 nihili,
1137 1211 1242 1261 quod
1259 1210 1476 1259 accidisset,
1490 1223 1555 1250 ne-

258 1290 336 1328 que
353 1286 482 1316 tamen
494 1307 504 1324 ,
520 1274 630 1324 quale
644 1274 759 1322 effet,
778 1272 926 1324 liquido
947 1272 1097 1323 poffent
1117 1272 1352 1324 intelligere,
1367 1273 1554 1324 jusserunt

261 1341 305 1379 L.
326 1338 519 1392 Apulejum
532 1337 567 1374 6⁸
593 1338 628 1376 C.
647 1338 852 1375 Petronium
872 1338 923 1374 ad
945 1351 999 1373 res
1018 1349 1134 1387 regum
1155 1335 1452 1389 introspiciundas
1473 1351 1557 1389 pr.)-

250 1402 380 1453 ficisci..
415 1401 613 1438 Venerunt
640 1398 780 1438 deinde
806 1397 850 1438 L.
879 1396 1088 1446 Lentulus,
1113 1399 1149 1437 ὃς
1175 1397 1274 1449 regis
1300 1397 1416 1437 frater
1439 1397 1555 1438 Athe-

259 1474 375 1501 naeus.
392 1460 575 1501 Lentulus
590 1472 681 1497 cum
703 1458 951 1498 Aliaticarum
973 1471 1102 1498 rerum
1123 1458 1283 1508 statum,
1298 1458 1452 1510 qualern
1473 1458 1554 1512 ipse

259 1525 411 1564 viderat
424 1553 434 1571 ‚
449 1520 679 1572 exposuisset
691 1521 866 1561 Patribus
882 1535 890 1560 :
910 1520 1111 1560 confestim
1125 1521 1255 1560 vocari
1270 1519 1496 1560 Athenaeum
1512 1522 1552 1561 in

260 1588 409 1626 curiam
432 1584 600 1636 placuit,
633 1586 669 1623 δε
694 1596 762 1634 pro
794 1582 1065 1623 benevolentia
1092 1582 1242 1621 senatus
1266 1581 1306 1620 in
1336 1594 1466 1633 regem
1491 1584 1555 1622 At-

261 1650 381 1689 talum
407 1647 548 1698 legatio
575 1647 751 1693 decreta,
779 1658 861 1696 quae
886 1646 1043 1696 Pruſsam
1065 1644 1153 1683 bello
1176 1644 1328 1694 juberet
1351 1645 1525 1697 abstinere.

320 1710 485 1750 XXVII.
507 1709 670 1750 Profecti
686 1708 773 1747 sunt
796 1720 884 1747 cum
901 1706 1085 1747 Athenaeo
1110 1706 1150 1746 C.
1168 1705 1350 1746 Claudius
1373 1705 1552 1753 Centho,

260 1775 304 1818 L,
334 1774 557 1815 Hortenfius
573 1804 584 1822 ,
614 1773 653 1813 L.
679 1770 960 1820 Aurunculejus
985 1770 1115 1821 legati.
1147 1770 1251 1810 Tum
1274 1770 1414 1808 iterum
1441 1767 1553 1812 causa

258 1839 519 1879 Achaicorum
544 1835 715 1876 exsulum
736 1836 895 1875 trastata
917 1834 970 1873 est
991 1836 1032 1873 in
1055 1833 1188 1873 senatu
1202 1863 1214 1882 ,
1231 1844 1322 1872 cum
1340 1833 1388 1872 de
1408 1832 1453 1871 iis
1473 1831 1553 1872 Xe-

259 1900 548 1951 n011ffigienfis‚
567 1900 604 1939 ἃ
625 1897 801 1938 Τείεεὶεε
817 1898 1021 1948 Tegeates,
1039 1896 1155 1936 verba
1170 1894 1356 1942 feciss‘ent‚
1379 1893 1553 1945 nihilque

259 1963 416 2014 propius
441 1963 611 2008 factum,
636 1973 751 2011 quam
770 1968 814 1999 ut
840 1960 1150 1998 dimitterentur:
1182 1957 1249 1996 nili
1275 1958 1317 1997 A.
1338 1957 1551 1996 Postumius

258 2036 398 2077 praetor
417 2032 432 2077 (
451 2026 480 2063 is
507 2038 574 2075 per
594 2023 805 2062 absentiam
825 2020 1027 2061 consulum
1053 2021 1224 2060 senatum
1244 2019 1445 2074 habebat)
1471 2019 1549 2058 astu

260 2100 339 2126 rem
357 2085 630 2125 intervertiffet.
646 2098 737 2123 cum
759 2084 860 2123 enim
878 2092 952 2122 tres
968 2082 1085 2122 essent
1100 2081 1313 2122 sententiae:
1331 2094 1420 2129 una,
1434 2081 1551 2134 abfhl-

259 2151 298 2187 w*
315 2149 469 2186 homines
486 2146 620 2200 placere
633 2177 643 2194 ‚
660 2147 856 2198 dimittique
871 2161 882 2185 .·
899 2144 1014 2184 altera
1031 2175 1042 2191 ,
1062 2159 1131 2182 non
1155 2143 1295 2197 abfhlw'
1307 2173 1318 2191 ,
1335 2143 1371 2181 δ’
1387 2143 1549 2182 retineri:

259 2213 371 2251 tertia
389 2242 397 2256 ,
413 2211 547 2249 retineri
573 2211 708 2262 quidem
725 2210 861 2256 adhuc,
876 2208 942 2259 sed
959 2206 1097 2259 absolvi
1118 2214 1255 2245 tamea?
1282 2215 1419 2256 praetor
1441 2217 1549 2256 roga-

260 2275 367 2314 tione
393 2272 458 2312 sua
489 2273 583 2312 duas
604 2270 839 2321 complexus
856 2301 866 2318 ‚
894 2269 1047 2309 tertiam
1081 2267 1358 2317 dissimulavit,
1383 2268 1550 2321 discedere

307 2404 328 2438 Ε
356 2402 463 2434 YXV.
494 2401 582 2435 Plut.
606 2376 638 2433 in
665 2399 796 2434 Catone
816 2398 893 2441 maj.
923 2410 952 2430 c.
978 2409 1033 2438 44.
1062 2396 1134 2429 Cic.
1159 2398 1199 2430 de
1221 2395 1320 2429 Orat.
1351 2407 1388 2436 2,
1411 2396 1463 2438 38.
1478 2395 1550 2427 Ru-

265 2448 361 2481 tilius
382 2445 549 2490 &Polyb.
574 2457 589 2477 a
620 2471 626 2478 .
655 2445 832 2489 Agellium.
855 2443 1007 2475 Macrob.
1026 2442 1195 2474 saturnal.
1225 2453 1253 2481 1,
1282 2452 1309 2479 ς.
1334 2439 1455 2473 ᾹΞΙὶειη.
1473 2440 1548 2473 hist.

264 2500 337 2524 var.
362 2502 400 2534 3,
424 2502 479 2531 17.
512 2491 574 2523 XX
614 2491 636 2522 1.
660 2489 798 2522 Pausan.
821 2487 940 2531 Polyb.
964 2496 1115 2529 excerpt.
1138 2485 1251 2530 Legat.
1272 2484 1333 2518 128
1353 2485 1386 2518 &
1406 2494 1480 2527 129.
