1673 3052
239 159 330 212 23²
605 143 1171 195 T1T1L1V11

237 267 461 317 quaquam
497 251 581 300 effe
617 252 1016 301 contemnendum.
1063 252 1384 302 perdomuerat
1413 250 1554 302 intrat
1587 297 1590 299 .
1660 286 1662 295 ι

240 343 414 393 paucos
435 325 557 386 dies,
585 336 702 372 terra
730 326 929 390 marique
948 325 1148 373 ferocem
1163 361 1177 384 ‚
1209 325 1410 390 locisque
1430 344 1534 373 mu-

243 399 351 447 nitis
381 399 570 458 fretam,
600 412 778 463 gentem
803 399 1096 464 lllyriorum:
1130 415 1281 464 regem
1309 399 1534 462 regiaeque

243 488 404 520 omnes
429 472 574 535 stirpis
592 484 795 535 ceperat:
819 471 1040 520 transtulit
1060 471 1105 519 in
1123 470 1400 534 triumphum
1421 470 1536 518 mul-

242 559 289 591 ta
311 544 517 591 militaria
544 543 692 608 signa,
729 544 962 608 spoliaque
989 543 1072 593 alia
1089 579 1103 601 ,
1134 545 1184 594 δε
1219 543 1535 608 supellectilem

246 616 439 679 regiam:
474 618 750 681 auripondo
774 618 937 682 viginti
959 620 1009 666 ὅ(
1032 617 1198 681 septem
1215 654 1232 676 ,
1258 620 1429 682 argenti
1456 619 1536 666 de·

247 707 345 736 cem
367 693 415 737 &
436 706 607 737 novem
627 693 809 755 pondo:
828 693 1061 746 denarium
1081 693 1162 740 tria
1180 693 1319 741 millia
1332 727 1345 748 ‚
1363 694 1414 743 &
1431 710 1538 741 cen-

246 776 342 813 tum
365 765 528 829 viginti
549 766 691 816 millia
711 767 857 831 lllyrii
875 767 1062 831 argenti.
1081 768 1199 816 Ante
1219 784 1399 815 currum
1417 766 1537 814 ducti

248 839 441 885 Gentius
472 855 551 885 rex
577 856 679 886 cum
701 839 894 904 conjuge
924 843 974 888 &
1004 840 1156 888 liberis
1174 876 1187 899 ‚
1224 842 1275 888 &
1305 841 1541 891 Caravan-

249 913 339 958 tius
360 912 495 961 frater
514 912 652 975 regis,
671 914 722 960 &
743 913 919 977 aliquot
941 914 1116 963 nobiles
1136 913 1295 978 Illyrii.
1325 915 1400 961 De
1421 931 1539 976 prae-

249 985 306 1031 da
336 985 552 1033 militibus
572 986 618 1033 in
642 986 838 1049 singulos
861 987 1176 1051 quadragenos
1204 987 1370 1051 quinos
1399 988 1539 1036 dena-

249 1061 344 1108 rios
364 1098 379 1117 ‚
415 1061 580 1123 duplex
601 1062 889 1118 centurioni,
917 1061 1083 1123 triplex
1104 1060 1274 1124 equiti,
1297 1059 1427 1108 sociis
1453 1077 1541 1108 no·-

251 1134 388 1182 minis
416 1134 563 1180 Latini
581 1146 797 1196 quantum
833 1133 1009 1182 civibus
1029 1169 1043 1191 ,
1077 1134 1127 1179 &
1148 1131 1280 1179 sociis
1302 1131 1541 1180 navalibus

253 1207 377 1253 dedit
409 1220 624 1269 quantum
647 1207 879 1254 militibus.
913 1205 1081 1252 Laetior
1112 1205 1234 1251 hunc
1263 1202 1542 1267 triumphum

255 1281 317 1328 est
347 1280 518 1326 secutus
551 1279 677 1326 miles
698 1317 713 1338 ,
751 1279 988 1343 multisque
1023 1278 1115 1325 dux
1153 1277 1245 1341 ipse
1272 1277 1543 1326 carminibus

258 1355 520 1402 celebratus.
552 1352 796 1401 sestertium
831 1352 1061 1400 ducenties
1091 1368 1146 1398 ex
1179 1368 1230 1398 ea
1261 1352 1412 1415 praeda
1439 1352 1546 1400 red-

245 1430 405 1476 ¹actum
439 1427 554 1486 effe,
585 1428 742 1474 aufior
778 1425 839 1473 est
870 1425 1057 1487 Antias,
1084 1437 1245 1489 praeter
1279 1442 1435 1472 aurum
1473 1442 1545 1472 ar-

260 1513 534 1564 gentumque
552 1536 564 1557 ‚
589 1501 716 1563 quod
737 1500 780 1547 in
801 1500 1006 1547 aerarium
1027 1499 1079 1545 fit
1099 1498 1236 1546 latum
1262 1516 1274 1545 :
1294 1499 1420 1562 quod
1439 1499 1544 1563 quia

261 1574 382 1620 uncle
399 1573 542 1636 redigi
565 1574 789 1635 potuerit,
814 1590 907 1621 non
930 1573 1194 1636 apparebat,
1211 1573 1438 1619 auctorem
1460 1590 1546 1636 pro

263 1664 310 1695 re
340 1646 482 1709 posui.
516 1647 613 1692 Rex
635 1647 827 1693 Gentius
859 1664 960 1694 cum
984 1645 1134 1693 liberis
1151 1681 1163 1703 ‚
1184 1645 1232 1693 δέ
1252 1645 1445 1710 conjuge
1464 1682 1478 1704 ‚
1498 1649 1549 1695 &

264 1719 403 1766 fratre
432 1719 682 1780 Spoletium
711 1719 757 1765 in
792 1717 1037 1765 custodiam
1071 1733 1127 1764 ex
1161 1716 1547 1766 senatusconsulto

265 1795 448 1848 duetus,
482 1794 618 1842 ceteri
642 1793 812 1856 captivi
830 1794 991 1840 Romae
1017 1792 1062 1838 in
1084 1809 1305 1839 carcerem
1331 1791 1548 1853 conjecti:

265 1868 656 1930 recusantibusque
690 1866 936 1914 custodiam
971 1863 1247 1927 Spoletinis,
1283 1863 1547 1927 Igiturvium

267 1958 392 2005 reges
419 1943 622 1988 traduffi.
654 1941 900 2005 Reliquum
921 1956 975 1986 ex
995 1938 1184 2002 Illyrico
1206 1938 1367 2001 praedae
1383 1938 1551 1986 ducen-

264 2016 300 2062 ti
331 2016 493 2078 viginti
523 2015 658 2061 lembi
690 2027 845 2069 erant;
879 2014 932 2059 de
953 2010 1125 2060 Gentio
1157 2027 1257 2074 rege
1286 2023 1442 2073 captos
1467 2027 1549 2059 eos

266 2088 557 2152 Corcyraeis,
588 2089 637 2134 ὅ(
662 2085 1029 2148 Apolloniatibus
1046 2119 1059 2142 ‚
1088 2084 1138 2130 &
1163 2083 1467 2147 Dyrrachinis
1486 2085 1550 2145 Q.

267 2162 438 2210 Caffius
456 2178 510 2206 cx
534 2159 917 2207 senatusconsulto
946 2157 1118 2205 tribuit.

336 2236 496 2282 XLlV.
525 2233 743 2280 Consules
765 2249 820 2279 eo
844 2248 965 2279 anno
980 2267 994 2288 ‚
1018 2247 1128 2295 agro
1147 2240 1319 2276 tantum
1340 2229 1551 2293 Ligurum

270 2306 492 2373 populato
512 2342 526 2364 ,
558 2323 658 2352 cum
691 2305 840 2351 hostes
869 2303 1089 2351 exercitus
1116 2317 1342 2363 nunquam
1372 2299 1553 2350 eduxis-

266 2383 391 2437 sent,
424 2382 546 2429 nulla
576 2398 620 2427 re
649 2379 930 2426 memorabili
960 2378 1075 2442 gesta
1096 2412 1108 2435 ,
1140 2378 1334 2422 Romam
1367 2375 1422 2422 ad
1454 2391 1550 2420 ma·-

265 2455 473 2522 gistratus
496 2455 803 2522 subrogandos
827 2453 1078 2508 redierunt;
1098 2451 1147 2499 &
1165 2449 1318 2516 primo
1334 2446 1552 2496 comitiali
