1673 3052
293 165 838 213 HISTORIARUM
873 165 998 211 LIB.
1031 164 1193 210 XLIV.
1282 179 1370 225 127

84 273 206 321 tibus
231 271 301 320 his
317 309 332 330 ‚
357 273 510 319 decem
532 271 642 335 regii
668 270 839 327 lembi,
862 270 917 318 ab
938 269 1249 317 Thessalonica
1268 285 1372 316 cum

83 341 263 391 deleffis
293 343 533 397 Gallorum
562 342 852 388 auxiliaribus
886 342 997 388 miffi
1017 377 1032 398 ,
1065 359 1166 389 cum
1200 342 1246 388 in
1278 341 1372 388 salo

83 417 246 464 stantes
275 415 471 463 hostium
502 431 639 461 naves
661 414 1151 478 conspexissent3ips1‚
1180 414 1372 463 obscura

84 492 220 538 nofte
237 526 251 549 ,
270 489 465 553 fimplici
482 489 644 535 ordine
658 523 671 546 ‚
693 504 824 550 quam
848 500 1063 552 poterant
1084 490 1295 552 proxime
1317 490 1373 535 li-

86 575 160 610 tus
178 575 408 618 tenentes,
438 561 663 607 intrarunt
693 560 863 607 urbem.
898 560 1044 621 Hujus
1072 562 1187 607 novi
1219 563 1373 624 praefi-

86 637 148 684 dii
169 635 284 683 fama
304 635 506 682 absistere
535 634 876 698 oppugnatione
896 634 1024 680 simul
1049 636 1283 682 Romanos
1307 653 1375 684 re-

84 725 281 773 gemque
317 708 482 771 coegit.
542 707 838 755 circumveffi
876 709 1282 770 promontorium,
1319 711 1371 755 ad

86 783 310 828 Toronen
341 779 514 826 claffem
547 779 834 842 appulerunt.
869 782 978 826 Earn
1010 795 1193 844 quoque
1225 798 1373 844 oppu-

86 871 226 918 gnare
267 852 442 909 adorti,
479 851 555 898 ubi
591 851 742 897 valida
781 850 960 897 defendi
998 869 1134 898 manu
1171 853 1374 899 animad-

89 937 351 982 verterunt,
370 924 502 970 irrito
525 923 710 986 incepto
741 924 1076 971 Demetriadem
1105 938 1275 987 petunt.
1307 927 1373 972 Ibi

76 1016 193 1048 cum
228 995 645 1059 appropinquantes
678 996 848 1059 repleta
882 997 1053 1042 moenia
1086 998 1263 1044 armatis
1298 998 1374 1059 vi-

87 1064 278 1120 dissent,
312 1063 605 1126 ‚praetervesti
648 1068 702 1108 ad
746 1064 907 1109 Iolcon
955 1063 1134 1110 classem
1182 1071 1373 1128 appule-

88 1148 225 1191 runt;
262 1135 367 1181 inde
386 1171 401 1194 ‚
437 1151 546 1198 agro
576 1134 782 1194 vastato,
812 1136 1153 1183 Demetriadem
1187 1153 1374 1200 quoque

88 1206 342 1270 aggressuri.

152 1283 271 1328 X111.
300 1283 419 1328 Inter
440 1280 537 1327 haec
564 1282 612 1329 &
630 1279 816 1338 consul,
837 1297 894 1327 ne
920 1279 1063 1345 segnis
1084 1280 1253 1328 sederet
1275 1284 1372 1328 tah-

87 1365 184 1402 turn
213 1355 261 1400 in
289 1359 399 1418 agro
434 1353 641 1410 hostico,
675 1355 735 1399 M.
762 1346 1004 1416 Popillium
1036 1371 1137 1401 cum
1171 1354 1374 1419 quinque

87 1428 284 1485 millibus
317 1427 512 1473 militum
543 1427 599 1473 ad
621 1425 883 1473 Meliboeam
917 1428 1075 1474 urbem
1103 1444 1375 1492 oppugnan-

83 1501 191 1560 dam
217 1499 369 1545 mittit.
406 1499 494 1544 Sita
522 1498 585 1544 est
609 1499 657 1544 in
677 1498 901 1544 radicibus
921 1499 1039 1545 Offae
1070 1499 1267 1557 montis,
1289 1518 1374 1563 qua

7 1573 15 1580 ’
87 1586 214 1637 parte
245 1572 292 1617 in
327 1571 591 1619 Theffaliam
628 1571 798 1633 vergit,
834 1584 1097 1633 opportune
1134 1571 1373 1618 imminens

86 1646 218 1708 super
235 1645 587 1693 Demetriadem.
613 1644 788 1690 Primus
816 1644 1036 1692 adventus
1057 1644 1251 1692 hostium
1274 1664 1372 1708 per-

89 1718 201 1764 culit
229 1718 402 1763 incolas
436 1716 554 1764 loci:
589 1715 787 1763 colleffis
820 1715 980 1763 deinde
1010 1733 1066 1763 ex
1094 1718 1369 1779 necopinato

87 1807 264 1855 pavore
288 1789 472 1847 animis,
491 1787 745 1836 discurrunt
760 1790 917 1836 armati
938 1790 991 1836 ad
1009 1803 1162 1853 portas
1181 1807 1231 1837 ac
1252 1808 1373 1836 moe·-

88 1863 193 1921 nia‚
221 1880 310 1927 qua
342 1861 526 1925 suspeffi
550 1862 694 1910 aditus
723 1879 872 1909 erant:
908 1862 1120 1926 spemque
1139 1863 1370 1925 extemplo

89 1933 380 1992 inciderunt,
410 1935 511 1998 capi
545 1935 694 1998 primo
715 1935 882 1997 impetu
905 1935 1041 1997 poffe.
1076 1935 1267 1982 Obsidio
1289 1936 1371 1999 igi-

87 2019 162 2055 tur
181 2009 434 2070 parabatur,
455 2011 502 2056 &
518 2025 655 2071 opera
676 2008 1070 2072 oppugnationum
1093 2007 1188 2056 fieri
1203 2022 1369 2072 coepta.

87 2080 293 2139 Perseus,
323 2099 422 2129 cum
455 2081 666 2140 audiffet,
696 2083 824 2129 simul
860 2083 1121 2129 Meliboeam
1155 2101 1177 2129 a
1204 2083 1367 2131 consu-

8 2153 36 2187 s
86 2150 142 2197 lis
173 2154 373 2200 exercitu
403 2153 689 2216 oppugnari,
722 2153 851 2199 fimul
883 2153 1056 2200 claffem
1088 2153 1198 2200 Iolci
1236 2155 1373 2210 stare,

85 2237 138 2270 ut
168 2225 270 2272 inde
295 2226 627 2274 Demetriadem
659 2228 1000 2291 aggrederetur,
1031 2229 1370 2290 Euphranorem

86 2298 307 2359 quendam
338 2314 392 2343 ex
418 2298 604 2345 ducibus
640 2316 742 2345 cum
772 2299 947 2345 deleffis
971 2300 1145 2345 duobus
1174 2300 1368 2344 millibus

87 2371 350 2418 Meliboeam
382 2372 532 2418 mittit.
566 2373 708 2418 eidem
733 2373 996 2434 imperatum
1015 2409 1027 2430 ‚
1052 2386 1126 2427 ut,
1154 2372 1184 2417 fi
1218 2390 1241 2417 a
1269 2373 1371 2416 Mt*

88 2443 228 2491 liboea
263 2444 550 2493 submovisset
581 2445 840 2506 Romanos,
876 2445 1211 2493 Demetriadem
1247 2443 1369 2506 prius
