1673 3052
302 196 401 248 ,3ςο
466 182 557 229 JO.
592 178 1526 230 FRElNSHEM115UPPLEM.·-··

291 292 357 331 'ad
380 291 472 340 juris
493 289 659 340 speciem
674 318 686 337 ‚
707 287 891 327 omnibus
912 287 995 327 aliis
1018 288 1173 329 Graeciae
1195 289 1417 341 regionibus
1439 289 1517 330 visa
1542 288 1596 329 est

304 354 572 404 opportunior.
598 352 643 391 In
666 350 768 390 hane
793 350 1060 402 transgressus,
1076 351 1180 392 haud
1197 353 1377 404 exiguam
1399 355 1483 402 ejus
1508 365 1597 403 por-

304 418 455 454 tionem
479 415 518 452 in
538 413 658 453 fidem
680 422 899 463 receperat:
924 426 1050 463 neque
1073 413 1348 463 dubitabatur,
1376 416 1471 466 quin
1490 414 1598 453 secu-

304 490 390 517 tura
414 487 542 516 cetera
565 477 706 525 client,
731 478 771 516 ni
798 476 915 528 legati
941 477 1209 517 Romanorum
1228 479 1346 517 ruinae
1367 478 1407 516 in
1435 476 1599 517 modum

305 542 563 593 praecipitanti
585 541 793 581 defectioni
818 540 984 580 confiliis
1012 543 1048 580 δε
1070 541 1184 580 armis
1205 541 1463 581 occurrissent.

363 610 410 650 II.
441 611 543 650 Nam
570 609 728 658 Romae,
752 609 819 648 ubi
846 609 958 648 certis
988 610 1132 649 nuntiis
1163 609 1212 649 de
1238 609 1495 661 progreffibus
1525 609 1602 648 An-

302 672 420 711 *drisci
450 673 628 711 auditum
648 703 659 721 ‚
689 679 888 711 contemta
920 665 1087 722 eousque
1116 684 1173 711 res
1193 702 1207 720 ,
1237 671 1484 724 diligentiore
1508 683 1600 709 cura

306 737 459 775 tractari
478 736 621 786 coepit:
650 734 874 785 placuitque
895 734 1064 784 senatui,
1089 735 1299 789 legationem
1325 735 1440 781 mitti,
1461 747 1536 786 quae
1559 734 1599 770 in

305 800 468 852 nascente
497 800 615 836 adhuc
645 799 681 837 6²
712 800 865 836 nondum
897 799 1104 849 confirmato
1132 798 1225 836 malo
1253 799 1348 836 daret
1380 810 1545 850 operam,
1562 805 1602 833 ut

299 874 422 900 motus
442 862 499 915 iste
519 861 656 899 lenibus
680 860 862 909 remediis,
884 861 1038 898 docendo
1058 858 1221 908 meliora,
1233 861 1398 913 spemque
1419 858 1529 895 veniae
1545 857 1604 894 de-

302 923 416 976 ceptis
437 925 666 975 ‹sscndend0‚
691 924 884 974 confideret.
909 924 1036 963 Nemo
1059 922 1158 963 visus
1183 924 1232 963 ad
1256 922 1339 963 haec
1362 923 1400 963 P.
1417 921 1602 972 Scipione

306 985 445 1026 Nalica
474 984 635 1032 melior,
660 996 786 1034 neque
819 984 880 1022 cui
906 986 954 1025 ad
986 984 1169 1024 homines
1206 984 1346 1024 blande
1378 983 1603 1034 cogendos,

302 1048 393 1100 -plus
414 1048 706 1087 existimationis
720 1079 730 1096 ‚
747 1049 782 1086 <Sc
807 1047 999 1088 facundiae
1013 1080 1024 1097 ,
1046 1050 1082 1088 Sc
1107 1048 1343 1088 dexteritatis
1364 1047 1466 1087 effet.
1489 1047 1600 1087 Idem

302 1124 434 1162 neque
463 1110 612 1150 bellicae
645 1110 771 1149 laudis
805 1110 945 1161 inops,
979 1112 1005 1150 fi
1038 1124 1095 1150 res
1127 1112 1242 1151 armis
1271 1110 1481 1162 eguiffent,
1516 1108 1602 1148 haec

308 1186 465 1224 quoque
489 1180 691 1224 paraturus
713 1173 969 1220 auctoritate,
995 1175 1166 1211 rec'turus
1191 1172 1399 1223 prudentia
1423 1169 1606 1210 credeba-

306 1247 380 1278 tur.
410 1239 564 1288 Scipio,
584 1236 811 1287 simulatque
830 1237 1017 1276 Graeciam
1038 1237 1181 1287 attigit,
1207 1238 1243 1275 Sc
1264 1249 1342 1286 quo
1365 1235 1405 1274 in
1430 1234 1530 1273 statu
1549 1245 1607 1271 res

308 1303 578 1343 Macedonum
599 1300 946 1351 Thess'alorumque
972 1300 1122 1349 forent,
1144 1300 1259 1338 certis
1288 1297 1507 1338 aucfforibus
1530 1309 1604 1334 co-

310 1365 468 1415 gnovit,
484 1363 701 1415 perscriptis
722 1363 782 1402 his
810 1363 991 1402 omnibus
1014 1362 1218 1414 diligenter
1239 1362 1288 1401 ad
1310 1361 1508 1408 senatum,
1522 1358 1605 1410 ipse

307 1428 506 1467 sociorum
517 1427 613 1466 adiit
633 1425 797 1465 concilia
809 1457 820 1474 ,
839 1426 985 1476 copias,
1001 1425 1140 1477 quibus
1154 1424 1388 1466 Thessaliam
1401 1431 1607 1469 tutaretur,

309 1489 555 1530 contrahens.
582 1489 838 1528 Promtissima
869 1490 905 1528 δε
931 1488 1101 1528 maxima
1122 1486 1170 1527 ab
1197 1485 1347 1526 Achaeis
1371 1484 1515 1524 auxilia
1537 1496 1605 1522 ve-

310 1567 426 1602 nere,
454 1553 518 1603 qui
543 1560 628 1591 tum
657 1550 786 1592 adhuc
812 1550 1025 1602 plurimum
1056 1551 1154 1590 inter
1182 1550 1334 1589 Graecos
1369 1547 1513 1587 viribus
1538 1558 1608 1585 va-

313 1615 459 1655 lebant.
1372 1609 1385 1616 ’”

370 1686 438 1726 ΠΙ.
461 1686 559 1725 Cum
582 1684 640 1722 his
662 1682 845 1733 ingressus
864 1681 1124 1730 Thessaliam,
1146 1680 1317 1732 praefidia
1340 1678 1509 1720 Andrisci
1528 1678 1611 1729 pas-

312 1751 380 1790 fim
397 1749 629 1797 exturbavit,
648 1750 683 1787 ἃ
711 1747 887 1796 receptis,
904 1759 987 1796 quae
1011 1752 1200 1793 tenuerat,
1218 1743 1420 1791 omnibus,
1438 1743 1488 1782 ad
1512 1742 1608 1781 fines

314 1812 434 1862 usque
458 1811 703 1851 Macedonica
728 1809 831 1859 signa
856 1808 1063 1858 promovit.
1091 1807 1227 1847 Romae
1254 1806 1425 1854 interea,
1451 1804 1608 1856 perlatis

314 1875 498 1925 lectisque
512 1874 655 1914 Nafieae
675 1872 817 1922 literis,
838 1880 1133 1922 compertoque,
1150 1871 1312 1919 majores
1339 1870 1525 1920 opinione
1548 1879 1607 1907 tu-

317 1937 461 1977 multus
486 1937 525 1975 in
549 1936 783 1975 Macedonia
807 1935 902 1982 effe,
921 1934 958 1973 P.
985 1933 1166 1981 Juventio
1182 1930 1345 1972 Thalnae
1364 1930 1517 1982 praetori
1543 1944 1607 1969 ne-

318 2000 466 2052 gotium
485 2012 506 2037 a
529 1999 659 2039 senatu
684 1998 819 2037 datum
843 1997 917 2044 est,
936 2008 991 2045 ut,
1010 1996 1121 2048 primo
1147 2009 1277 2047 quoque
1299 2005 1444 2048 tempore
1465 1993 1610 2046 conscri-

310 2076 376 2117 pto
398 2062 548 2101 exercitu
561 2091 572 2106 ,
590 2062 641 2098 ad
653 2060 867 2098 liberandam
885 2058 1138 2097 Macedoniam
1155 2056 1433 2108 proficifteretur.
1454 2054 1610 2094 Moram

319 2136 445 2174 neque
471 2121 594 2173 ipsum
623 2120 700 2159 hoc
733 2121 932 2171 negotium
964 2120 1039 2170 pati
1071 2118 1296 2165 videbatur,
1330 2119 1366 2157 &
1393 2116 1610 2168 periculum

320 2195 422 2235 erat,
445 2199 492 2224 ne
517 2184 608 2224 alibi
632 2197 784 2234 quoque
812 2183 972 2222 turbatis
997 2183 1189 2221 sociorum
1219 2182 1370 2233 regnis,
1398 2193 1524 2219 rerum
1545 2193 1609 2218 no-

320 2261 456 2288 varum
481 2246 658 2292 exordia,
682 2258 878 2296 nunquam
897 2244 1128 2295 negligenda
1145 2242 1443 2294 praepotentibus
1456 2274 1466 2291 ,
1483 2241 1611 2280 nasce-

322 2321 464 2351 rentur.
492 2311 603 2361 Apud
627 2308 814 2359 Bithynos
841 2309 1015 2347 maxime
1032 2308 1220 2359 Syrosque
1238 2306 1380 2346 bellum
1394 2337 1405 2355 ,
1423 2313 1488 2345 ant
1505 2304 1608 2344 bello

322 2389 402 2414 non
426 2373 562 2413 melior
581 2385 656 2424 pax
673 2381 774 2412 erat:
806 2372 925 2423 magis
949 2371 998 2410 ob
1027 2370 1183 2422 culpam
1204 2370 1472 2421 regnantium,
1495 2381 1612 2420 quam

317 2514 320 2518 ·
375 2494 398 2537 5
428 2498 450 2532 1.
476 2497 563 2532 flor.
586 2508 626 2540 2,
651 2509 701 2540 14.
728 2497 806 2535 Liv.
831 2497 921 2543 Epit.
944 2496 1068 2532 Zonar.
1093 2497 1114 2542 §
1139 2496 1180 2531 11.
1203 2496 1278 2530 Liv.
1305 2495 1396 2539 Epir.
