1673 3052
274 194 368 241 234
633 174 1196 226 T1T1L1V11

269 285 382 346 nulli
406 288 547 333 datum
576 303 603 330 a
623 288 784 346 populo
805 286 1003 332 Romano
1035 287 1156 333 Galli
1176 285 1448 350 pc>ſjiderent3
1478 283 1556 334 daei

269 374 387 405 retur.
422 356 584 404 Filium
621 356 851 419 postremo
887 356 1185 404 Nicomedem
1221 357 1392 406 senatui
1427 375 1557 406 com-

268 431 520 481 mendavit.
555 430 806 488 Omnium,
835 429 910 493 qui
941 429 988 475 in
1011 430 1281 478 Macedonia
1312 430 1557 494 imperato-

267 520 339 552 res
360 503 537 550 fuerant
554 539 570 562 ,
589 501 749 550 favore
774 502 836 550 est
859 501 1048 564 adjutus.
1083 504 1237 566 Itaque
1266 516 1438 561 cetera,
1456 517 1559 565 quae

267 576 450 642 petebat
466 612 479 634 ‚
508 575 740 624 concessa:
770 575 823 621 de
845 591 954 639 agro
987 572 1249 636 responsum
1269 573 1356 630 est,
1381 576 1560 637 Legatos

268 656 330 698 ad
353 672 433 699 rem
462 652 762 713 inspiciendam
792 649 997 714 miffitros.
1031 652 1082 695 Si
1109 667 1205 711 ager
1228 651 1379 710 populi
1399 652 1558 695 Roma-

269 723 492 790 nifuiffit‚
507 745 579 774 nec
597 728 787 786 cuiquam
808 727 936 769 dacus
952 720 1041 787 effit
1054 759 1067 781 ,
1082 722 1360 785 digng‘fflmum
1377 741 1422 769 eo
1445 725 1557 768 dono

269 799 471 864 Prusiam¹
492 802 706 846 habituros
723 796 807 863 effe.
839 800 891 843 Si
908 813 1045 844 autem
1063 798 1275 845 Antiochi
1289 815 1375 844 non
1386 793 1558 859 fmffn,

269 892 315 919 eo
342 892 391 919 ne
403 877 555 935 populi
579 876 740 935 quidem
763 874 950 918 Romani
964 871 1132 931 fizc‘lum
1161 889 1351 934 apparere
1368 887 1385 918 .·
1410 885 1484 916 atet
1497 869 1567 934 ,si

271 952 398 994 datus
418 950 563 994 Gallis
580 945 668 1012 effi!
680 983 694 1005 ,
723 947 924 1009 ignofiere
940 947 1129 1010 Prusiam
1148 949 1282 993 debere
1299 981 1312 1002 ,
1330 945 1380 1011 fi
1392 964 1446 992 ex
1465 947 1567 990 nul-

271 1024 355 1067 lius
392 1022 554 1077 injuria
585 1023 810 1081 quidquam
833 1021 869 1065 ei
897 1023 1044 1066 datum
1071 1023 1384 1080 velletpopulus
1402 1020 1568 1064 Roma-

271 1112 368 1141 nus.
402 1097 467 1139 Ne
489 1097 601 1154 quod
625 1096 742 1139 detur
761 1095 924 1154 quidem
943 1127 957 1150 ‚
974 1086 1142 1151 gratum·
1157 1089 1228 1156 effi}
1247 1095 1403 1137 donum
1424 1087 1565 1153 poffi,

271 1171 386 1229 quod
420 1187 535 1225 eum,
568 1170 639 1228 qui
675 1171 761 1224 det,
798 1169 869 1212 ubi
899 1171 1048 1223 vellet,
1084 1169 1317 1212 ablaturum
1344 1164 1419 1229 effe
1439 1165 1566 1225 sciat.

271 1243 414 1287 Facile
441 1242 688 1286 Nicomedis
720 1241 1118 1285 commendationem
1154 1241 1342 1300 accipere.
1388 1238 1566 1299 Quanta

272 1332 372 1362 cura
399 1333 535 1377 regum
565 1316 793 1360 amicorum
826 1315 973 1359 liberos
1005 1329 1168 1358 tueatur
1191 1315 1376 1373 populus
1407 1314 1567 1356 Roma-

273 1406 379 1446 nus,
405 1393 648 1435 documento
671 1393 941 1435 Ptolemaeum
959 1391 1144 1449 AEgypti
1173 1405 1300 1449 regem
1330 1383 1415 1448 effe.
1448 1385 1567 1430 Cum

273 1461 366 1508 hoc
393 1459 609 1524 responso
643 1460 810 1508 Prusias
837 1459 899 1506 est
930 1459 1145 1507 dimissus.
1180 1461 1370 1505 Munera
1390 1456 1432 1503 ei
1465 1473 1520 1502 ex
1539 1458 1566 1480 ¹*

274 1532 482 1581 sestertiis
510 1532 620 1595 juffa
648 1533 774 1592 dari,
804 1535 854 1580 &
878 1532 1092 1581 vasorum
1114 1538 1427 1594 argenteorum
1452 1544 1567 1590 pon·

274 1607 336 1654 do
358 1605 695 1671 quinquaginta.
724 1607 774 1654 &
798 1605 896 1653 filio
915 1605 1028 1669 regis
1046 1603 1288 1651 Nicomedi
1307 1620 1363 1649 ex
1385 1618 1432 1648 ea
1453 1600 1569 1647 sum-

275 1696 351 1726 ma
382 1696 569 1727 munera
590 1680 682 1727 dari
704 1679 972 1728 censuerunt
986 1713 999 1736 ,
1035 1693 1092 1723 ex
1112 1693 1199 1739 qua
1223 1673 1449 1738 Masgabae
1469 1671 1571 1719 filio

276 1751 396 1816 tegis
423 1753 655 1801 Mafiniffae
686 1753 785 1800 data
812 1751 978 1798 effent:
1008 1752 1058 1798 &
1086 1767 1137 1796 ut
1156 1748 1353 1797 viffirnae
1374 1746 1570 1809 aliaque,

275 1842 379 1889 quae
399 1827 454 1874 ad
472 1826 740 1875 sacrificium
756 1825 1060 1890 pertinerent,
1075 1823 1150 1870 seu
1163 1825 1351 1880 Romae,
1365 1820 1437 1867 seu
1456 1821 1573 1867 Prae-

276 1897 400 1946 neste
428 1899 665 1946 imm01are
696 1898 864 1957 vellet,
890 1897 984 1962 regi
1003 1914 1059 1944 ex
1082 1895 1272 1960 publico
1289 1931 1306 1954 ,
1335 1894 1445 1941 ficut
1472 1910 1571 1940 ma-

280 1973 538 2037 gistratibus
563 1973 810 2032 Romanis,
832 1972 1167 2035 praeberentur:
1190 1971 1240 2015 &
1263 1979 1314 2014 ut
1334 1984 1389 2014 ex
1411 1967 1538 2015 classe
1554 2003 1571 2027 ‚

280 2065 384 2111 quae
402 2047 624 2094 Brundifii
643 2048 747 2095 effet
761 2083 775 2106 ,
794 2062 933 2094 naves
954 2045 1105 2107 Iongae
1123 2040 1571 2105 vigintiaffignaren-

261 2135 382 2178 zur,
412 2120 577 2183 quibus
602 2132 826 2179 uteretur,
854 2120 1003 2166 donec
1026 2117 1080 2164 ad
1108 2115 1310 2172 claffem,
1338 2114 1466 2160 dono
1493 2113 1574 2159 da-

282 2206 375 2239 tam
398 2191 469 2249 ei,
489 2209 568 2239 rex
588 2191 877 2255 pervenisset.
910 2193 959 2237 L.
979 2187 1222 2237 Cornelius
1255 2185 1409 2249 Scipio
1439 2200 1495 2230 ne
1515 2183 1572 2230 ab

284 2280 344 2312 eo
380 2264 664 2323 abscederet,
687 2263 973 2327 sumtumque
1005 2261 1085 2325 ipfi
1115 2263 1164 2309 &
1193 2258 1435 2307 comitibus
1456 2273 1574 2319 prae-

284 2337 434 2395 beret,
457 2336 605 2384 donec
634 2352 797 2383 navem
825 2332 1167 2382 conscendisset.
1202 2330 1316 2377 Mire
1344 2329 1494 2375 laetum
1523 2327 1575 2374 δε

285 2427 338 2456 ea
369 2409 645 2474 benignitate
677 2409 724 2455 in
757 2408 799 2455 se
824 2406 986 2471 populi
1016 2404 1213 2452 Romani
1240 2418 1391 2466 regem
1421 2399 1576 2457 suiffe,

286 2484 459 2535 ferunt:
484 2501 674 2534 munera
693 2483 774 2531 fibi
795 2482 941 2548 ipsum
961 2479 1110 2529 emiss'e
1125 2496 1141 2535 i
1158 2476 1300 2526 filium
1318 2473 1476 2538 juffiffe
1499 2473 1579 2519 ἀοι*
