1673 3052
280 180 390 227 ἸΝ
430 177 606 227 LOC.
649 178 790 227 L'IB.
842 179 906 225 LI
965 180 1114 226 LIV.
1299 195 1384 242 373

104 298 155 328 ne
177 287 258 328 dux
286 286 388 338 ipse,
410 292 490 327 n'on
516 296 560 325 ut
590 287 715 326 rector
745 293 982 334 ceterorum,
1010 284 1074 324 sed
1105 284 1210 325 velut
1241 299 1339 326 unus
1368 299 1390 326 e

106 350 240 398 turba,
267 350 440 391 laetarum
462 362 588 389 rerum
618 349 786 399 imagine
807 355 968 399 captus,
994 348 1170 388 adversus
1191 348 1391 399 ambiguas

105 410 310 461 providere
328 409 566 461 neglexerat.
598 408 728 450 Tarde
757 408 886 459 agnito
919 407 1118 458 periculo,
1145 410 1235 459 quia
1263 421 1388 460 neque

103 470 270 522 relinqui
281 469 399 510 ‘locus
419 477 503 509 tuto
518 499 531 518 ,
554 481 678 519 neque
700 468 856 508 defendi
881 468 956 507 sme
979 471 1094 509 armis
1113 471 1148 510 δε
1166 479 1387 512 commeatu

104 540 280 583 poterat‚
299 545 321 572 a
342 531 475 572 Pisone
499 531 657 579 milites,
674 531 722 570 ab
741 530 982 571 Uticenfibus
1005 531 1148 570 cibaria
1173 533 1298 583 petiit.

129 621 132 627 ·
157 601 226 643 ΙΙΙ.
249 604 296 642 At
317 602 450 642 frustra
471 603 519 642 ad
543 601 720 642 Pisonem
741 601 980 652 respexerat,
997 602 1062 652 qui
1086 601 1223 652 procul
1247 602 1287 642 in
1310 615 1390 642 me-

106 664 318 704 diterranea
350 664 436 704 loca
461 664 676 703 abduxerat
700 663 853 713 copias:
883 675 1009 713 neque
1042 663 1281 704 Uticenfibus
1309 665 1389 703 ani-

103 739 191 767 mus
214 736 280 767 aut
295 728 533 775 viresetant,
552 727 628 765 fine
645 726 805 775 majoris
825 725 1017 765 exercitus
1035 725 1208 776 praefidio
1230 726 1279 765 ad
1293 739 1389 766 moz-

104 790 169 829 nia
191 787 430 839 Carthaginis
452 787 644 827 adeundi:
674 794 830 837 eratque
847 786 900 825 in>
921 798 966 825 ea
989 786 1211 825 conditione
1235 787 1389 828 Manci-

103 841 200 899 nu3,
220 858 266 889 ut
286 848 471 900 exemplis
486 847 641 887 illorum
667 847 812 887 ducum
837 845 1049 886 acceffurus
1063 846 1279 894 videretur,
1295 848 1358 898 qui
1374 878 1387 893 ‚

103 911 209 952 nulla
227 919 412 962 receptus
439 910 572 950 habita
605 911 779 957 ratione,
814 921 906 948 cum
935 908 975 947 in
1000 907 1086 948 loca
1111 908 1324 959 periculosa
1348 910 1391 949 se

103 974 374 1024 conjecissent,
389 971 736 1011 tristi-temeritatis
760 971 864 1009 exitu
880 1000 892 1018 ‚
910 980 1206 1010 monumentum
1229 972 1387 1022 posteris

104 1037 337 1088 reliquerunt
349 1066 362 1084 ‚
383 1037 472 1074 bono
488 1035 568 1072 duci
584 1033 711 1086 (quod
731 1031 926 1083 aliquanto
942 1033 1026 1083 post
1047 1034 1233 1073 Sertorius
1250 1034 1388 1074 dixisse

105 1098 276 1147 dicitur)
293 1111 363 1136 non
385 1096 633 1148 respiciendum
654 1095 793 1141 minus,
816 1108 920 1145 quam
933 1095 1210 1147 prospiciendum
1232 1096 1303 1148 eſj'e.
1318 1097 1384 1136 Pe-

103 1161 356 1209 riclitantem,
376 1171 424 1197 ne
446 1156 556 1197 simul
571 1169 670 1196 cum
689 1156 777 1196 luce
796 1156 1130 1207 Carthaginienses
1146 1159 1385 1210 praecipitem

102 1237 170 1275 per
193 1235 305 1274 rupes
326 1222 375 1262 ad
399 1233 502 1260 mare
525 1227 702 1271 agerent,
727 1220 891 1258 fortuna.
913 1218 1127 1270 explicuit,
1149 1220 1187 1258 in
1211 1222 1315 1260 idem
1340 1221 1386 1261 il-

101 1285 170 1325 lud
193 1294 344 1336 tempus
357 1283 536 1334 Scipione
551 1282 732 1321 adducto.
756 1281 849 1331 Qui,
874 1288 916 1320 ut
936 1288 1016 1321 erat
1039 1283 1092 1321 ad
1111 1285 1242 1323 omnia
1263 1284 1386 1324 subita

102 1345 259 1386 consilio
277 1347 313 1385 δι
336 1344 494 1384 audacia
513 1350 709 1393 promtus,
728 1355 834 1381 mora
864 1341 970 1381 nulla
994 1342 1234 1394 interposita,
1262 1344 1385 1384 elafii-

102 1421 194 1448 cum
215 1409 265 1447 ad
284 1406 536 1452 revocandos,
554 1404 618 1454 qui
633 1403 925 1451 exsecti-derant,
951 1404 1090 1444 milites
1107 1406 1217 1454 cani,
1238 1407 1383 1456 pubem

102 1469 337 1511 Uticensium
364 1480 452 1507 cum
477 1467 590 1506 armis
617 1465 748 1515 sequi,
773 1478 794 1504 a
819 1465 1028 1505 senioribus
1055 1476 1319 1508 commeatum
1342 1470 1386 1509 in

101 1544 218 1571 naves
240 1528 472 1580 comportari
492 1526 605 1576 juffit.
622 1527 680 1566 Ad
703 1534 887 1565 terrorem
909 1527 1047 1567 deinde
1068 1527 1233 1568 hostium
1254 1543 1301 1569 ex
1323 1543 1386 1570 ca-

102 1594 217 1645 p‘tivis
237 1591 385 1642 aliquot
403 1589 537 1638 solvit,
561 1589 823 1637 nuntiaturos,
845 1589 973 1629 adeffe
995 1590 1228 1641 Scipionem.
1245 1592 1304 1631 Ad
1327 1593 1389 1632 Pi-

101 1654 233 1696 sonem
258 1653 372 1693 etiam
398 1651 491 1693 alios
516 1650 626 1702 super
649 1650 744 1690 alios
778 1663 867 1690 cum
890 1651 977 1690 citis
1001 1653 1110 1702 equis
1132 1654 1290 1694 nuntios
1313 1655 1384 1703 mi-

99 1716 168 1765 -fit,
196 1725 241 1755 ut
261 1720 379 1767 quam
403 1714 600 1754 celerrime
624 1714 672 1753 ad
699 1712 972 1765 Carthaginem
999 1724 1225 1755 occurreret.

100 1781 127 1813 ⁹*
155 1788 218 1828 IV.
243 1788 328 1839 lpse
349 1787 491 1827 deinde
514 1794 647 1837 quarta
677 1784 804 1836 vigilia
829 1785 1002 1835 solvens,
1027 1793 1070 1826 ut
1094 1788 1252 1837 majoris
1276 1801 1386 1827 exer-

101 1851 199 1889 citus
218 1849 384 1901 speciem
402 1848 550 1888 eminus
572 1848 778 1899 praeberet,
793 1846 954 1896 milites,
976 1849 1035 1886 ubi
1057 1850 1386 1902 appropinquaffint

100 1914 296 1966 urbi‚st'are
309 1914 346 1951 ἱη
367 1912 540 1951 tabulatis
561 1911 706 1949 navium
723 1912 840 1948 ereans
855 1940 868 1956 ,
883 1910 997 1960 jussit.
1015 1911 1201 1960 Adeoque
1217 1911 1294 1949 fuit
1314 1924 1384 1960 op*

99 1982 287 2025 portunus
303 1971 487 2020 consulis,
513 1974 549 2011 &
572 1972 620 2010 ad
641 1969 800 2009 salutem
823 1971 1024 2019 Mancini,
1046 1971 1190 2021 quique
1220 1984 1308 2010 cum
1333 1984 1383 2010 eo

101 2030 470 2084 erant‚'neceffarius
485 2034 692 2081 adventus,
709 2040 752 2071 ut
770 2031 794 2070 fi
818 2031 1016 2072 tantillum
1036 2032 1163 2072 adhuc
1186 2046 1303 2072 morae
1323 2033 1382 2070 in-

101 2092 361 2147 terposuiffet,
375 2095 499 2135 serum
514 2094 600 2146 post
622 2101 823 2144 acceptam
843 2092 994 2133 cladem
1010 2094 1198 2134 auxilium
1218 2093 1383 2132 accessu-

99 2164 165 2197 rus
195 2158 398 2198 videretur.
431 2158 488 2198 :In
516 2157 649 2197 orbem
678 2155 902 2206 pugnabant
935 2156 1121 2203 Romani,
1148 2155 1309 2206 receptis
1342 2156 1382 2194 in

100 2220 274 2258 medium
296 2218 499 2257 inermium
525 2218 643 2257 tribus
673 2217 796 2255 ferme
834 2215 1028 2264 millibus,
1053 2217 1117 2265 qui
1151 2215 1198 2254 ab
1227 2216 1387 2253 armatis

99 2281 311 2319 admodum
339 2281 561 2331 quingentis*
587 2279 826 2329 tegebantur.
852 2280 1016 2329 Jamque
1047 2278 1189 2317 crebris
1218 2277 1381 2316 vulneri-

102 2339 188 2388 bus,
205 2342 240 2380 &
254 2353 415 2380 numero
427 2340 592 2380 hostium
608 2339 770 2390 fatigati,
782 2340 834 2378 acl
847 2339 925 2390 ipsa
940 2339 1083 2379 moenia
1097 2338 1132 2377 se
1145 2346 1380 2388 receperant,

148 2471 170 2515 S
195 2472 251 2506 111.
276 2472 397 2506 Zonar.
420 2472 565 2517 Appian.
586 2472 702 2505 suidas
727 2472 761 2504 in
781 2464 1007 2518 &raassfcfftzrss

1043 2531 1179 2591 Aa3
