1673 3052
277 199 308 243 4
643 180 1200 229 T1T1L1vll

278 289 421 357 glebis
456 288 593 353 pisces
622 282 849 337 emersisse.
889 290 966 338 Ob
997 291 1092 338 haec
1121 287 1330 353 prodigia
1361 286 1464 336 libri
1493 288 1566 337 fa:

279 361 388 412 tales
418 363 599 426 inspecti
612 400 626 422 ,
646 363 904 427 editumque
922 363 975 410 ab
994 362 1262 410 decemviris
1286 361 1372 420 est,
1390 365 1440 411 &
1463 365 1564 427 qui-

280 441 365 488 bus
397 438 529 493 Diis,
563 436 811 501 quibusque
851 437 1005 482 hostiis
1046 435 1366 482 sacrificaretur
1378 472 1392 493 ‚
1425 438 1476 484 &
1513 452 1564 483 ut

280 509 551 574 suppiicatio
579 508 796 572 prodigiis
828 509 1059 572 expiandis
1088 507 1213 554 fieret
1233 526 1245 555 :
1267 507 1430 567 altera,
1459 524 1563 571 quae.

281 585 435 650 priore
469 599 591 630 anno
629 582 899 629 valetudinis
934 581 1092 644 populi
1126 580 1252 628 causa
1283 593 1394 628 vota
1430 579 1565 637 effet,

279 676 333 706 ea
360 658 424 703 uti
457 656 668 718 feriaeque
700 655 849 702 effent.
887 656 1035 718 itaque
1069 653 1359 702 sacrificatum
1391 653 1564 718 est‚·ut

281 729 534 779 decemviri
562 728 774 791 scriptum
809 728 1059 775 ediderunt.
1420 741 1423 747 ’

348 805 419 849 111.
435 801 606 848 Eodem
627 815 748 846 anno
766 799 870 844 aedis
888 800 908 846 J
914 798 1078 845 unonis
1097 797 1290 845 Laciniae
1306 797 1488 844 detefia.
1503 799 1571 859 Q:

281 877 470 925 Fulvius
503 875 686 920 Flaccus
713 871 873 918 censor
903 873 1041 918 aedem
1075 875 1284 918 Fortunae
1318 872 1570 935 Equestris,

280 967 418 1014 quam
444 949 490 994 in
519 945 731 1008 Hispania
760 959 929 1006 praetor
957 943 1078 989 bello
1108 942 1385 990 Celtiberico
1414 958 1568 1005 ¹vove-

280 1038 350 1072 rat
364 1060 379 1082 ‚
401 1022 592 1069 faciebat
608 1017 731 1065 eniso
748 1017 896 1064 studio
913 1052 927 1073 ‚
953 1033 1007 1062 ne
1024 1017 1164 1062 ullum
1193 1018 1352 1063 Romae
1375 1014 1567 1078 amplius

281 1109 361 1146 aut
390 1090 747 1158 magnificentius
782 1090 998 1151 templum
1027 1089 1143 1135 effet.
1177 1091 1392 1152 Magnum
1424 1102 1566 1133 orna-

281 1180 485 1217 mentum
506 1164 546 1211 se
563 1162 742 1224 templa
752 1173 870 1208 ratus
890 1160 1162 1220 adjectarum
1180 1196 1193 1216 ‚
1209 1160 1239 1206 si
1259 1159 1419 1222 tegulae
1445 1175 1566 1204 mar·
1596 1192 1599 1193 ν

281 1256 452 1288 moi-eae
490 1236 659 1292 efi'ent,
693 1231 916 1296 profectus
958 1232 1004 1277 in
1043 1231 1266 1289 Bruttios,
1307 1231 1446 1276 aedem
1488 1231 1567 1277 Ju-

281 1312 419 1359 nonis
440 1308 630 1354 Laciniae
652 1306 705 1351 ad
733 1317 901 1366 partem
931 1302 1157 1350 dimidiam
1190 1301 1370 1365 detegit.
1396 1302 1441 1348 id
1464 1301 1568 1350 satis

281 1385 384 1431 fore
413 1392 534 1427 ratus
567 1377 622 1424 ad
641 1377 908 1439 tegendum,
927 1375 1054 1437 quod
1074 1372 1382 1420 aedificaretur.
1414 1374 1567 1422 Naves

282 1467 445 1520 paratae
481 1451 687 1506 fuerunt,
720 1464 819 1509 quae
852 1445 1066 1490 tollerent
1099 1457 1232 1506 atque
1258 1444 1569 1506 asportarent,

283 1525 552 1577 auctoritate
583 1521 785 1570 censoria
814 1517 948 1565 sociis
969 1517 1188 1563 deterritis
1212 1517 1259 1563 id
1288 1516 1564 1580 sacrilegium

281 1599 537 1666 prohibere.
568 1594 808 1657 Postquam
837 1590 994 1638 censor
1026 1589 1184 1646 rediit,
1207 1589 1366 1652 tegulae
1384 1624 1398 1646 ,
1420 1605 1568 1651 expo-

280 1675 373 1721 sitae
391 1671 444 1716 de
477 1668 668 1714 navibus
688 1703 700 1723 ,
726 1663 780 1712 ad
803 1663 1022 1724 templum
1054 1661 1366 1723 portabantur.
1403 1677 1566 1723 quam-

281 1761 417 1810 quam
431 1777 444 1800 ,
467 1740 586 1787 unde
604 1738 769 1794 essent,
789 1736 997 1782 silebatur
1011 1769 1024 1790 ‚
1046 1750 1141 1779 non
1163 1745 1310 1779 tamen
1329 1731 1464 1780 celari
1481 1748 1566 1795 po·

279 1817 382 1865 tuit.
418 1812 638 1860 Fremitus
670 1810 804 1873 igitur
833 1806 1027 1857 incuria
1056 1818 1183 1852 ortus
1217 1805 1304 1851 est:
1326 1821 1382 1851 ex
1415 1805 1567 1851 omni-

277 1891 361 1938 bus
393 1885 592 1950 partibus
627 1881 955 1945 postulabatur,
976 1890 1025 1924 ut
1048 1878 1249 1926 consules
1274 1895 1369 1924 eam
1395 1894 1489 1924 rem
1508 1877 1564 1925 ad

277 1965 478 2010 senatum
519 1956 749 2003 referrent.
794 1957 855 2001 Ut
890 1970 1003 1998 vero
1056 1952 1281 1998 arceffitus
1315 1951 1364 1997 in
1397 1951 1565 1999 curiam

279 2033 440 2083 censor
476 2030 635 2086 venit,
658 2028 802 2073 multo
842 2026 1038 2072 infestius
1078 2025 1237 2088 singuli
1272 2025 1564 2087 universique

279 2105 543 2171 praesentem
565 2103 759 2148 lacerare
780 2118 789 2145 ε
809 2102 1020 2159 Templum
1042 2097 1360 2163 augustg'ffimum
1387 2100 1566 2160 regionis

280 2181 397 2237 ejus,
425 2179 536 2238 quod
568 2194 651 2220 non
690 2175 908 2233 Pyrrhus,
942 2190 1025 2216 non
1061 2173 1290 2216 Hannibal
1321 2168 1566 2233 violaffint‚

282 2256 437 2299 violare
468 2266 616 2309 parum
638 2245 819 2307 lzabuiffe
833 2276 846 2299 ‚
867 2245 950 2307 nist
970 2243 1180 2305 detexcffit
1199 2243 1315 2302 foede
1331 2277 1344 2300 ,
1366 2261 1414 2288 ac
1435 2261 1568 2302 prope

282 2322 478 2387 dirutsle't.
514 2320 760 2366 Decraffltm
798 2323 953 2363 culmen
984 2322 1160 2377 templo,
1182 2320 1387 2363 nudatum
1422 2318 1564 2361 teHum

277 2416 413 2459 parcre
441 2397 635 2442 imbribus
647 2390 1020 2453 putrefizciendum.
1053 2391 1252 2450 censorem
1267 2426 1278 2445 ,
1302 2390 1483 2435 moribus
1502 2407 1566 2433 re-

285 2474 424 2532 gendis
454 2484 627 2515 creatum
643 2474 661 2524 ,’
678 2466 872 2525 cuisarca
906 2465 1002 2510 cec‘la
1027 2467 1182 2526 exigere
1205 2466 1339 2523 sacris
1355 2463 1563 2523 puhlicis,
