1673 3052
306 208 366 256 92·
675 190 1235 237 T1T1L1V11

304 295 554 344 cidenfibus
574 298 634 356 Q.
653 295 843 359 Maenius
867 309 1036 357 praetor
1059 297 1311 360 respondit:
1352 299 1458 361 Quae
1490 301 1585 346 bene

304 374 469 415 meritos
493 371 576 430 fifi’
592 406 604 426 ‚
641 369 682 416 δ’
712 388 806 416 ame
822 406 835 428 ‚
857 369 898 417 δ’
916 375 961 417 irz
987 390 1030 416 eo
1059 376 1161 417 bello
1174 407 1188 429 ,
1206 375 1317 432 quod
1329 387 1492 434 geratur
1504 407 1519 428 ,
1538 374 1587 418 de

297 446 457 502 populo
488 445 686 488 Romano
708 446 852 489 dicant
871 479 883 500 ‚
904 462 950 489 ea
971 442 1012 490 δ’
1021 444 1130 503 scire
1157 463 1252 489 vera
1271 461 1337 490 eos
1361 443 1498 501 refierre
1514 445 1586 503 fi-

304 531 476 570 natum,
507 512 574 571 δ’,
597 517 768 576 perinde
796 536 847 562 ac
868 519 1065 572 debeant,
1081 506 1203 578 gra-ta
1225 515 1307 580 ff.
1342 518 1447 578 Quae
1462 515 1587 575 fhc'la

304 603 333 629 a
365 588 408 631 C.
429 588 612 632 Lucretio
628 622 639 641 ‚
660 589 828 649 fierique
855 591 908 634 ab
927 592 975 634 L.
998 588 1220 652 Hortenfio
1235 591 1476 648 praetoribus
1495 590 1588 633 Ro-

306 659 446 703 manis
477 676 726 719 querarzt1tr;
763 680 808 706 ea
841 679 963 721 neque
983 659 1104 718 fac‘t'a
1123 695 1136 716 ‚
1165 678 1290 721 neque
1315 661 1407 719 fieri
1434 663 1590 705 volun-

306 746 389 775 tate
404 731 610 790 findens,
644 750 760 791 quem
792 750 877 776 non
901 731 1018 794 poffe
1045 731 1317 797 existimare?
1346 732 1416 791 qui
1440 731 1588 790 sciat,

307 803 453 846 bellum
475 803 591 866 Pessi
601 838 614 859 ‚
646 801 688 848 ὃ»
709 820 803 848 ante
821 806 1022 863 Philippo
1039 806 1158 864 patri
1177 803 1291 860 ejus,
1318 804 1443 848 intuli
1477 821 1495 847 e
1506 820 1590 862 po·-

300 879 451 935 pulum
484 879 726 921 Romanum
749 894 828 936 pro
856 878 1034 922 libertate
1070 878 1234 922 Graecioe
1252 892 1269 921 .·
1301 893 1386 920 non
1415 890 1462 920 ut
1488 892 1534 920 ea
1561 891 1591 918 a

309 949 611 1013 magistratibus
628 950 761 1009 sociis
789 966 906 1010 atque
925 951 1074 994 amicis
1085 964 1336 1009 paterentur.
1370 948 1529 992 Literas
1539 946 1592 1006 se

309 1025 368 1066 ad
396 1024 444 1067 L.
467 1023 730 1087 Hortensium
756 1039 965 1084 praetorem
996 1026 1168 1068 daturos
1196 1020 1266 1084 ff
1283 1055 1297 1076 ,
1329 1039 1414 1081 quae
1430 1022 1594 1066 Chalci-

311 1096 453 1155 denses
479 1114 699 1156 querantur
724 1099 814 1143 αὲῗα
829 1133 843 1153 ,
870 1116 916 1142 ea
936 1097 1108 1156 finatui
1134 1114 1219 1141 non
1238 1098 1429 1156 placere:
1447 1094 1497 1158 st
1523 1095 1594 1154 qui

314 1171 359 1214 itz
377 1171 618 1230 servitutem
646 1174 762 1217 liberi
780 1170 979 1233 veniffetzt
994 1206 1006 1226 ‚
1039 1186 1083 1214 ut
1103 1189 1170 1215 eos
1192 1170 1486 1230 conquirendos
1498 1169 1595 1227 pri-

313 1263 380 1288 mo
411 1263 566 1304 quoque
594 1262 765 1305 tempore
779 1280 792 1301 ‚
821 1245 1150 1309 restituendosque
1169 1246 1215 1288 itz
1233 1246 1454 1288 libertatern
1475 1259 1597 1286 cura-

316 1333 372 1362 ret
395 1335 411 1362 :
430 1317 640 1376 sbciorum
669 1321 888 1363 navalium
918 1320 1120 1362 neminem
1140 1352 1155 1371 ,
1181 1331 1327 1376 praeter
1352 1317 1596 1378 magistros,

314 1393 361 1435 in
382 1391 562 1450 hospitia
580 1393 725 1435 deduci
746 1408 903 1450 cequum
928 1388 1092 1448 censkre.
1118 1389 1227 1434 Haec
1248 1386 1491 1433 Hortenfio
1510 1384 1599 1445 jus-

314 1463 364 1510 su
394 1462 562 1509 senatus
583 1462 757 1523 scripta.
796 1464 983 1508 Munera
1004 1460 1161 1507 binum
1191 1459 1379 1506 millium
1403 1458 1500 1505 aeris
1530 1458 1598 1504 le-

314 1534 427 1598 gatis
458 1534 580 1580 miffa
600 1571 614 1591 ‚
648 1535 698 1581 &
728 1532 938 1580 vehicula
972 1530 1180 1578 Miffloni
1212 1531 1390 1593 publice
1423 1530 1598 1589 locata,

314 1623 415 1667 quae
434 1623 535 1653 eum
550 1606 828 1652 Brundifium
850 1604 1090 1653 commode
1111 1604 1424 1666 perveherent.
1443 1603 1496 1649 C.
1511 1604 1600 1649 Lu-

317 1681 533 1739 cretium,
562 1681 639 1727 ubi
667 1681 784 1737 dies,
816 1696 918 1742 quae
946 1679 1059 1724 dista
1091 1690 1213 1735 erat,
1245 1677 1403 1733 venit,
1428 1676 1599 1724 tribuni

318 1754 373 1800 ad
404 1753 624 1816 populum
653 1751 937 1808 accusarunt,
972 1750 1272 1812 muld'tamque
1310 1749 1455 1795 decies
1496 1765 1600 1795 cen-

319 1838 413 1872 tum
434 1826 623 1872 millium
645 1825 743 1871 aeris
765 1823 984 1870 dixerunt.
1009 1821 1220 1869 Comitiis
1241 1819 1426 1876 habitis,
1441 1835 1602 1866 omnes

319 1899 519 1963 quinque
540 1899 590 1957 &
612 1897 792 1960 triginta
821 1895 962 1941 tribus
991 1911 1093 1940 eum
1114 1893 1486 1940 condemnarunt.

386 1972 464 2017 IX.
499 1973 545 2015 ln
570 1969 805 2032 Liguribus
836 1984 892 2014 eo
923 1983 1044 2013 anno
1075 1965 1187 2011 nihil
1207 1963 1495 2011 memorabile
1521 1979 1601 2026 ge-

324 2044 450 2089 stum.
479 2061 580 2089 nam
613 2060 695 2089 nec
722 2041 866 2088 hostes
887 2050 1134 2086 moverunt
1156 2055 1302 2094 arma,
1325 2052 1467 2099 neque
1490 2051 1604 2082 con-

325 2117 388 2163 1111
416 2117 460 2161 in
479 2133 629 2178 agrum
660 2130 816 2160 eorum
838 2112 1037 2175 legiones
1066 2110 1267 2156 induxit:
1298 2111 1375 2163 &‚
1407 2107 1506 2156 satis
1525 2124 1606 2154 ex·-

324 2190 500 2251 plorata
535 2204 641 2251 pace
671 2187 763 2246 ejus
794 2185 929 2242 anni,
959 2183 1122 2230 milites
1156 2184 1342 2229 duarum
1373 2181 1604 2244 legionum

325 2263 634 2307 Romanarum
666 2261 778 2305 intra
800 2259 891 2305 dies
910 2257 1134 2318 sexaginta
1152 2292 1164 2313 ,
1182 2272 1314 2318 quam
1334 2255 1381 2301 in
1408 2253 1606 2316 provin-

327 2337 439 2381 ciam
467 2334 617 2391 venit,
639 2334 814 2382 dimisit.
849 2331 1074 2379 sociorum
1100 2329 1296 2376 nominis
1318 2327 1459 2374 Latini
1480 2343 1608 2372 exer·

324 2407 420 2453 citu
456 2419 629 2452 mature
666 2406 711 2452 in
743 2406 929 2451 hiberna
961 2407 1133 2451 Lunam
1158 2405 1206 2450 &
1238 2401 1355 2448 Pisas
1385 2399 1608 2457 dedu&o,

333 2480 423 2543 ipse
445 2497 544 2529 cum
567 2480 792 2545 equitibus
817 2479 978 2527 Galliae
1003 2476 1257 2542 provinciae
1288 2474 1498 2539 pleraque
1521 2488 1613 2535 op·
