1673 3052
265 199 358 248 270
422 182 518 233 JO.
563 176 1072 229 FREINSHEMII
1122 169 1486 225 SUPPL-E'M.

261 294 302 334 se
320 293 474 343 recepit.
493 291 570 331 Hic
592 302 638 328 eo
654 296 830 338 tempore
843 287 930 326 finis
947 293 1124 326 motuum
1139 285 1178 325 in
1195 285 1443 336 Cappadocia
1460 283 1555 324 fuirr

320 356 433 397 XIX.
474 355 522 394 At
546 353 586 391 in
609 352 737 392 Africa
763 349 956 400 perpetuis
988 348 1185 389 Masiniffae
1212 347 1389 387 adversus
1413 347 1554 386 Poenos

265 418 364 459 odiis
393 413 613 465 injuriisque
637 425 696 451 res
721 411 900 461 inquieta:
927 418 1046 449 erant.
1084 408 1194 449 Circa
1213 409 1403 448 minorem
1427 407 1557 458 Syrtin

262 493 354 532 ager
387 477 538 528 amplus
569 475 732 523 colitur,
757 486 871 524 quem
905 471 1065 512 uberem
1096 470 1233 522 gleba,
1261 470 1413 522 oppidis
1447 468 1557 519 quin*

267 542 453 592 quaginta
481 539 793 588 frequentatum,
823 537 858 576 &
889 547 955 585 per
981 533 1064 573 haec
1089 528 1286 584 locuplete
1313 533 1440 572 reditu
1468 530 1559 571 Car-

265 601 523 653 thaginienses
537 598 786 639 obtinebant:
809 597 875 647 ipfi
891 596 1054 647 Tyscam
1068 602 1208 634 vocant
1219 595 1438 646 regionem}
1459 592 1560 633 Grae-

269 664 305 703 ci
332 664 512 702 dixerunt
531 659 723 710 Emporia.
758 658 853 698 Eum
877 669 965 695 cum
991 656 1166 706 coepisset
1189 654 1461 706 concupiscere
1477 652 1562 694 Ma-

268 726 415 773 finiffa,
447 726 497 766 ob
532 723 744 775 potentiam
780 720 915 768 suam,
947 722 984 759 ἅ
1006 719 1178 758 favorem
1204 708 1309 769 apud
1341 717 1562 764 Romanos,

270 789 336 828 seu
349 788 386 826 vi
400 818 411 835 ‚
425 787 490 826 seu
503 788 586 836 jure
607 784 802 836 agendum
821 782 943 827 foret,
964 782 1158 832 potiorem
1181 780 1220 819 se
1242 773 1417 820 futurum
1435 786 1562 826 ratuS,

273 862 418 894 armata
444 866 562 892 manu
585 861 774 900 occupare
800 860 878 886 non
910 846 1066 886 distulit.
1101 846 1149 886 Et
1170 855 1305 896 agrum
1328 844 1486 895 quidem
1508 842 1567 882 fa·

276 916 350 955 cile
377 923 596 966 receperat,
618 911 745 951 Poenis
775 923 864 949 cum
888 909 979 949 alias
1010 909 1060 948 ad
1091 906 1275 947 terrestria
1303 905 1404 946 bella
1435 907 1565 945 minus

275 978 402 1029 aptis,
431 979 467 1016 ἅ
491 985 575 1015 tum
610 987 660 1014 ex
692 973 871 1012 diuturna
907 984 1006 1022 pace
1036 969 1345 1021 languidioribus
1375 975 1385 1009 ὲ
1421 968 1568 1019 oppida

276 1049 408 1081 tamen
432 1038 488 1078 illi
516 1035 745 1076 retinebant.
779 1034 856 1074 Hic
881 1045 1008 1072 rerum
1036 1032 1150 1071 status
1175 1031 1358 1081 utrosque
1383 1025 1568 1081 impulit,

277 1110 322 1141 ut
344 1102 389 1140 iis
418 1101 467 1140 de
493 1098 623 1138 litibus
649 1096 870 1146 frequenter
893 1094 1040 1145 legatos
1066 1093 1263 1131 mitterent
1282 1092 1481 1133 Romam:
1506 1085 1571 1130 de-

277 1162 411 1202 teriori
433 1160 583 1210 semper
606 1160 814 1199 Poenorum
840 1155 1078 1195 conditione.
1121 1155 1260 1204 Neque
1281 1153 1444 1193 dubium
1465 1160 1570 1199 erat,

282 1224 376 1275 quin
396 1222 508 1263 causa
533 1222 742 1260 vincerent.
768 1232 858 1258 nam
882 1220 919 1258 &
939 1216 1156 1263 Masinissa,
1178 1225 1269 1254 cum
1294 1215 1402 1253 annis
1424 1213 1573 1264 aliquot

281 1299 393 1327 antea
414 1284 699 1334 persequeretur
716 1282 1000 1334 Aphtheratum
1027 1278 1247 1329 quendam,
1268 1277 1333 1328 qui
1353 1289 1374 1316 a
1398 1288 1486 1327 rege
1509 1275 1578 1314 de-

281 1347 440 1388 sciverat
456 1375 468 1391 ,
489 1344 644 1383 tranlitu
663 1355 729 1392 per
754 1342 952 1390 regionem
978 1339 1088 1379 istam
1103 1369 1114 1386 ,
1133 1347 1176 1378 ut
1191 1338 1378 1386 alienam,
1400 1337 1575 1388 precario

234 1406 238 1413 ”
284 1407 478 1461 postulato
495 1436 506 1452 ,
539 1404 681 1444 deinde
696 1433 707 1451 ,
735 1403 827 1452 quia
851 1398 1087 1451 negabatur,
1107 1399 1269 1450 omisso,
1285 1397 1577 1448 Carthaginien-

284 1472 381 1511 ssum
410 1470 470 1517 jus
500 1465 763 1504 affirmaverat.

356 1529 450 1570 XX.
483 1528 559 1568 Sed
580 1526 796 1565 senatorum
818 1522 993 1575 plerique
1016 1520 1136 1572 magis
1160 1518 1211 1560 ad
1237 1517 1367 1568 utilia,
1387 1531 1503 1569 quam
1528 1514 1580 1557 ad

288 1595 384 1645 insta
403 1591 662 1642 respicientes,
678 1588 757 1639 regi
778 1585 1085 1638 gratificabantur
1098 1614 1110 1633 ,
1126 1583 1223 1623 adeo
1239 1592 1327 1620 cum
1353 1590 1484 1632 aperta
1499 1581 1582 1621 Poe-

290 1670 432 1698 norum
457 1654 593 1704 injuria
609 1683 621 1702 ‚
643 1661 685 1691 ut
706 1665 785 1691 non
813 1650 932 1690 modo
964 1647 1121 1688 urbibus
1138 1677 1149 1695 ‚
1174 1645 1222 1685 de
1250 1644 1390 1695 quibus
1420 1651 1585 1683 contro-

292 1720 448 1760 versiam
478 1715 669 1756 Masmiss'a
688 1723 885 1761 moverat,
901 1711 1023 1762 exigi,
1048 1709 1113 1749 sed
1135 1710 1170 1748 δε
1197 1709 1407 1758 quingenta
1431 1705 1585 1757 insuper

294 1783 462 1829 talenta,
488 1780 685 1819 fruetuum
718 1783 990 1827 perceptorum
1021 1771 1203 1818 nomine,
1231 1770 1331 1820 quafi
1363 1767 1471 1808 malae
1494 1769 1586 1809 fidei

295 1844 518 1897 poffess'ores
534 1874 547 1890 ,
571 1841 738 1892 pendere
763 1845 993 1889 paterentur,
1030 1834 1186 1884 Quippe
1213 1833 1406 1872 decretam
1425 1845 1447 1871 a
1476 1831 1514 1872 se
1533 1831 1589 1871 le-

298 1910 493 1961 gationem
510 1905 657 1945 tamdiu
682 1902 924 1949 distulerant,
945 1900 1069 1939 donec
1093 1897 1195 1947 adigi
1220 1910 1240 1935 a
1263 1896 1418 1949 rege-ad
1438 1896 1588 1946 iniquas

296 1970 495 2022 pactiones
524 1966 697 2018 poffent:
728 1974 812 2004 tum
841 1965 999 2004 demum
1027 1976 1048 2002 a
1072 1962 1199 2001 Roma
1223 1958 1362 2009 legati,
1394 1960 1430 1998 8:
1457 1960 1499 1998 in
1529 1959 1590 1997 his

297 2033 358 2073 M.
378 2032 475 2070 Cato
491 2059 500 2076 ,
529 2036 726 2068 venerunt.
761 2027 819 2065 his
842 2024 1033 2066 Maliniffa
1062 2021 1220 2073 quidem
1252 2021 1452 2060 arbitrium
1472 2021 1592 2060 totiu8

301 2093 449 2144 negotii
473 2091 586 2130 facile
613 2092 862 2141 permittere:
903 2088 1034 2134 Poeni,
1060 2084 1164 2135 quod
1198 2082 1450 2133 desperabant
1479 2095 1591 2134 aequo

302 2156 340 2195 se
353 2157 437 2205 jure
462 2152 616 2200 usuros,
633 2163 794 2201 negare,
816 2149 888 2187 ullo
902 2163 994 2186 novo
1010 2147 1154 2185 arbitrio
1177 2159 1265 2198 opus
1288 2143 1349 2196 effi
1364 2160 1375 2184 :
1389 2143 1509 2196 foedus
1523 2145 1593 2196 fibi

303 2232 380 2256 cum
404 2229 478 2267 rege
499 2215 626 2253 multos
643 2225 723 2252 ante
746 2226 861 2250 annos
887 2213 1023 2249 aublore
1045 2208 1211 2261 Scipione
1229 2206 1444 2260 percuffum:
1469 2208 1509 2245 id
1528 2222 1594 2260 po.

305 2282 378 2319 tius
394 2279 525 2331 pudore
540 2277 575 2314 6²
583 2279 658 2328 fide
670 2276 946 2315 contrahentium
957 2304 969 2321 ‚
984 2287 1088 2325 quam
1109 2272 1310 2310 corree‘lione
1324 2270 1414 2318 ulla,
1431 2270 1594 2322 indigere.

309 2341 468 2392 Legati,
495 2339 600 2390 quod
619 2339 731 2377 altera
748 2337 905 2390 partium
925 2336 1045 2374 invita
1064 2333 1157 2372 nihil
1173 2334 1213 2386 se
1227 2334 1376 2386 statuere
1392 2330 1487 2384 poffi
1507 2342 1595 2369 cau.-

360 2452 380 2492 §
399 2449 523 2483 XVIII.
538 2449 645 2482 Strab.
666 2449 689 2482 l.
711 2459 761 2491 13.
776 2447 895 2491 Polyb.
907 2459 960 2490 ap.
973 2444 1090 2479 Vales.
1102 2443 1175 2476 Pol.
1193 2452 1223 2486 3,
1241 2453 1269 2484 5.
1285 2439 1386 2474 Diod.
1400 2439 1480 2474 Just.
1495 2449 1548 2483 35,
1565 2449 1598 2474 ι.

315 2495 337 2538 5
351 2495 442 2529 XIX.
464 2495 582 2539 Polyb.
600 2505 674 2528 exc.
698 2493 813 2539 Legat.
833 2492 907 2526 118.
929 2491 1017 2535 App.
1037 2491 1155 2527 Punic.
1177 2487 1298 2533 Polyb.
1324 2486 1401 2519 Liv.
1415 2496 1457 2529 34
1472 2510 1480 2525 ,
1497 2484 1552 2517 61.
