1673 3052
279 186 368 249 384
565 188 1205 246 ¹''r-t‘r-1L1V11

273 293 470 342 culmine
496 293 692 344 fortunae
721 295 776 341 ad
807 293 1014 341 ultimum
1044 293 1178 342 finem
1211 309 1394 342 centum
1423 294 1559 360 quin-2.

275 368 487 431 quaginta
507 383 651 413 annos
671 367 803 414 stetit.

340 443 400 488 X.
437 440 652 488 Victoriae
688 442 906 488 Romanae
938 439 1054 487 fama
1090 457 1192 488 cum
1224 439 1477 503 pervafiffet
1511 439 1559 486 in

275 512 447 570 Afiam‚
470 513 697 569 Antenor,
715 513 794 575 qui
815 531 917 559 cum
944 513 1072 559 classe
1098 513 1351 562 lemborum
1371 511 1425 557 ad
1443 511 1561 557 Pha-2

275 601 351 643 nas
375 573 539 643 stabat}
565 586 864 633 Cassandriam
894 586 997 632 inde
1016 585 1204 648 trajecit.
1232 587 1285 633 C.
1307 584 1524 647 Popillius
1543 619 1561 640 ‚

274 658 355 720 qui
383 659 437 705 ad
470 659 642 706 Delum
674 660 880 722 praefidio
914 659 1107 705 navibus
1138 658 1450 705 Macedoniam
1481 674 1562 719 pe-

274 733 472 779 tentibus
490 747 612 790 erat,
641 734 877 797 postquam
899 733 1168 778 debellatum
1197 732 1242 778 in
1263 729 1562 787 Macedonia,

277 804 328 867 &
356 804 544 852 statione
571 806 805 852 submotos
835 803 1032 850 hostium
1065 803 1238 853 lembos
1268 801 1467 859 audivit,
1493 800 1563 847 di*-

278 879 410 934 miffis
431 881 481 926 δι
500 879 591 942 ipse
618 877 775 926 Atticis
794 877 1008 933 navibus,
1028 875 1083 922 ad
1113 874 1356 937 susceptam
1377 873 1564 938 legatio-

277 969 382 999 nem
400 953 692 1018 peragendam
712 951 921 1014 navigare
934 951 1179 1012 AEgyptum
1195 948 1337 1011 pergit
1351 966 1362 994 ε
1376 959 1426 993 ut
1439 946 1564 1009 prius

279 1042 523 1073 occurrere
556 1024 791 1072 Antiocho
823 1022 993 1085 posset,
1019 1039 1152 1084 quam
1185 1023 1240 1067 ad
1270 1019 1564 1073 Alexandreae

278 1099 449 1148 moenia
469 1100 716 1145 accederet.
737 1100 852 1145 Cum
880 1097 1316 1158 praeterveherentur
1332 1094 1477 1142 Aliam
1499 1093 1566 1140 le-

279 1171 368 1234 gati
383 1207 394 1225 ‚
417 1173 466 1218 &
485 1173 686 1234 Loryma
709 1170 954 1224 venissent,
976 1169 1054 1231 qui
1073 1182 1231 1230 portus
1249 1166 1412 1230 viginti
1430 1165 1567 1229 paulo

279 1244 471 1303 amplius
496 1245 635 1290 millia
656 1243 711 1290 ab
730 1243 897 1288 Rhodo
916 1241 1060 1296 abest,
1080 1258 1135 1287 ex
1159 1239 1347 1287 adverso
1366 1238 1467 1286 urbi
1485 1237 1566 1300 ipfi

279 1318 478 1382 pofit1133
500 1319 725 1381 principes
742 1317 1028 1363 Rhodiorum
1047 1326 1293 1362 occurrunt
1307 1312 1425 1376 (jam
1444 1313 1566 1360 enim

279 1408 339 1443 eo
361 1408 544 1453 quoque
575 1389 779 1437 victoriae
809 1389 926 1435 fama
956 1388 1119 1450 perlata
1140 1385 1263 1450 erat)
1294 1397 1503 1445 orantes,
1521 1402 1568 1432 m:

281 1468 481 1511 Rhodum
509 1468 800 1510 develzerentur.
823 1465 1023 1524 pertinere
1049 1465 1097 1508 id
1114 1465 1173 1507 ad
1177 1461 1348 1521 famam
1357 1461 1568 1521 salutem)-

283 1559 356 1602 que
374 1543 579 1594 civitatis,
599 1541 756 1599 noscere
774 1538 886 1599 ipsos
906 1539 1076 1592 omnia,
1097 1554 1182 1596 quae
1203 1538 1293 1580 ac'la
1314 1531 1456 1597 efflat,
1475 1552 1569 1596 age-

284 1630 493 1673 renturque
510 1615 675 1668 Rhodi,
692 1610 733 1657 δ’
752 1628 951 1672 comperta
961 1630 1038 1672 per
1042 1611 1094 1671 fi
1104 1646 1118 1665 ,
1137 1627 1222 1654 non
1237 1610 1407 1670 vulgata
1413 1606 1567 1666 fama,

284 1688 466 1732 Romam
487 1687 638 1744 referre.
672 1685 768 1731 Diu
802 1676 1012 1746 negantes
1046 1680 1365 1742 perpulerunt,
1389 1692 1438 1726 ut
1469 1696 1570 1726 mo-

284 1775 378 1805 ram
420 1759 722 1822 navigationis
760 1758 944 1803 brevem
979 1771 1062 1818 pro
1101 1754 1240 1800 salute
1274 1747 1408 1800 sociae
1444 1752 1569 1800 urbis

283 1836 557 1892 paterenturss
581 1830 819 1892 Postquam
840 1828 1051 1873 Rhodum
1072 1839 1258 1872 ventum
1281 1825 1344 1872 est
1359 1860 1372 1882 ,
1391 1825 1436 1870 in
1457 1841 1569 1872 con·

284 1902 465 1949 cionem
501 1919 685 1964 quoque
716 1918 794 1948 eos
828 1900 959 1946 iidem
998 1899 1204 1961 precibus
1244 1912 1570 1961 pertraxerunt.

285 1978 525 2024 Adventus
551 1978 797 2039 legatorum
820 1974 947 2021 auxit
966 1973 1116 2036 potius
1136 1972 1343 2018 timorem
1363 1970 1570 2026 civitati,

285 2065 416 2110 quam
449 2049 643 2094 minuit:
675 2048 829 2094 omnia
859 2046 978 2092 enim
1015 2044 1257 2106 Popillius,
1287 2060 1388 2107 quae
1413 2043 1572 2107 finguli

285 2121 571 2183 universique
606 2138 661 2167 eo
696 2120 816 2166 bello
848 2118 1067 2164 hostiliter
1091 2118 1328 2174 dixerant,
1348 2116 1571 2164 fecerant·-

285 2212 400 2257 que,
423 2194 588 2242 retulit.
619 2195 694 2249 δε,
716 2195 789 2238 vir
811 2191 935 2253 asper
957 2191 1142 2253 ingenio
1159 2227 1171 2247 ‚
1192 2190 1376 2254 augebat
1404 2189 1569 2237 atroci-

288 2278 422 2312 tatem
447 2282 604 2311 eorum
619 2299 632 2321 ‚
655 2281 753 2326 quae
776 2263 1049 2319 dicerentur,
1080 2261 1211 2307 vultu
1231 2260 1416 2307 truci&
1435 2276 1571 2306 accu-

287 2337 450 2384 satoria
468 2353 588 2396 voce
604 2355 614 2382 :
629 2351 702 2394 ut,
721 2353 821 2382 cum
842 2335 1038 2397 propriae
1058 2332 1286 2380 simultatis
1305 2332 1424 2378 nulla
1443 2330 1569 2378 causa

288 2428 389 2456 cum
408 2410 593 2457 civitate
613 2409 717 2456 effet
730 2446 744 2466 ‚
763 2426 819 2455 ex
848 2410 978 2456 unius
996 2407 1209 2455 senatoris
1228 2406 1424 2452 Romani
1441 2421 1573 2451 πεῖ-ε

289 2484 450 2543 lunate,
481 2482 622 2547 qualis
646 2483 694 2533 in
720 2482 763 2531 se
795 2483 990 2534 universi
1024 2481 1199 2531 senatus
1228 2479 1402 2529 animus
1431 2476 1574 2548 ess‘et³⁵
