1673 3052
271 164 989 217 HIS*'1”1OR1ARUMLlss⁶
1022 164 1184 213 XLIV.
1292 180 1375 230 131

95 280 264 327 tandem
299 278 357 323 iis
379 271 601 337 pareatur,
633 274 907 336 exercitusque
944 274 992 320 de
1027 275 1276 320 Macedonia
1307 276 1382 318 de-

92 353 342 414 portemur?
367 353 413 394 V
410 350 543 411 ificros
567 347 669 410 effe,
686 348 884 411 quidfibi
898 347 1231 411 faciendumst&
1263 349 1387 410 Quid

95 427 263 472 ,Rhodii
291 419 547 487 vifim'ststt,
567 420 680 482 ipsbs
696 419 819 481 scire.
860 424 1068 482 Populum
1094 437 1188 466 certe
1216 414 1383 466 Robza-

29 536 39 557 Ι,
100 517 227 554 num,
263 497 418 543 devifio
453 497 596 557 Perseo
613 530 630 553 ,
667 498 779 555 quod
799 497 1040 556 propediem
1066 497 1232 556 sperent
1253 495 1387 554 sbre,

101 573 288 633 visurum
309 605 323 628 ‚
352 585 398 615 uc
424 588 504 631 pro
532 569 689 616 meritis
710 567 902 628 cujusque
923 570 968 614 in
995 586 1040 613 eo
1060 571 1164 614 hello
1201 569 1386 614 civicau's

100 647 282 708 gratiam
307 646 480 705 dignam
500 642 656 701 referat.
674 644 839 687 Munus
866 653 1017 688 tamen
1053 642 1207 706 legatis
1237 643 1282 689 in
1303 643 1390 690 fin—

99 717 234 780 gulos
263 714 421 762 binfim
439 714 626 761 millium
656 713 753 760 aeris
783 713 955 761 missum
975 713 1065 760 est:
1088 715 1215 778 quod
1238 714 1270 762 ii
1291 732 1389 764 non

98 800 386 852 acceperunt.

169 863 293 909 XVI.
318 861 478 907 Literae
506 857 665 906 deinde
694 857 890 906 recitatae
920 859 980 919 Q.
1007 858 1163 907 Marcii
1193 863 1391 912 consulis

105 935 231 992 sunt,
255 935 618 996 Quemadmodum
632 967 645 989 ,
656 933 779 993 saltu
787 933 1010 994 superato,
1031 935 1076 979 in
1094 936 1391 985 Macedoniam

105 1005 306 1074 tranfiffit
328 1023 344 1051 .·
373 1009 430 1052 ibi
461 1003 504 1052 G·
531 1024 584 1051 ex
614 1007 718 1052 aliis
747 1009 849 1051 locis
884 1022 1134 1052 commeatus
1163 1028 1190 1053 a
1219 1027 1392 1069 praetore

97 1079 333 1143 prospeHos
368 1079 412 1122 in
446 1078 615 1143 hiemem
641 1078 822 1133 ·lzabere,
851 1075 894 1122 δ’
922 1081 974 1123 ab
1010 1081 1206 1138 Epirotis
1242 1084 1395 1143 viginti

107 1155 247 1200 millia
279 1150 466 1196 modizim
498 1149 655 1206 tritici,
677 1151 807 1195 decem
841 1151 977 1195 hordei
995 1149 1214 1215 sumsiffi:
1243 1169 1288 1199 ut
1312 1166 1394 1216 pro

108 1247 156 1276 eo
167 1227 378 1287 frumento
388 1224 566 1286 pecnnia
586 1227 729 1270 Romae
748 1226 895 1286 legatis
921 1243 1057 1270 eorum
1077 1242 1292 1274 curaretur.
1316 1234 1363 1274 V
1358 1249 1396 1276 e-

99 1304 297 1372 stimenta
328 1301 528 1346 militibus
551 1302 604 1344 ab
637 1300 776 1343 Roma
809 1301 1009 1344 mittenda
1038 1297 1108 1362 effe
1126 1316 1143 1345 :
1163 1304 1276 1361 equis
1311 1306 1395 1349 du-

111 1380 240 1425 centis
259 1375 391 1435 firme
426 1392 528 1435 opus
557 1372 655 1436 effe,
679 1376 864 1418 maxime
894 1375 1095 1419 Numidis
1111 1392 1127 1420 .·
1145 1376 1316 1439 necsibi
1349 1381 1396 1425 itt

114 1453 183 1497 his
210 1450 314 1495 locis
332 1450 464 1494 ullam
492 1448 648 1507 copiam
679 1443 761 1510 effi.
789 1445 1255 1505 Senatusconsultum,
1277 1462 1328 1495 ut
1345 1463 1396 1498 ea

112 1520 272 1569 omnia
291 1537 348 1567 ex
364 1519 503 1566 literis
525 1518 720 1565 consulis
740 1515 900 1564 fierent
914 1552 927 1576 ‚
949 1517 1114 1565 faihlm
1134 1519 1208 1567 est.
1228 1522 1281 1570 C.
1301 1524 1399 1571 Sul-

113 1592 262 1658 picius
290 1603 460 1654 praetor
483 1589 558 1635 sex
587 1588 727 1635 millia
758 1601 990 1652 togarum,
1020 1590 1200 1653 triginta
1228 1595 1400 1642 tunica-

114 1684 216 1717 rum
236 1703 250 1724 ,
276 1667 326 1714 &
343 1680 487 1729 equos
514 1664 792 1727 deportanda
824 1662 870 1709 in
901 1664 1217 1712 Macedoniam
1238 1703 1251 1725 ,
1281 1685 1399 1729 prae—

116 1739 354 1803 bendaque
381 1736 597 1784 arbitratu
618 1735 816 1784 consulis
836 1735 1036 1794 locavit,
1051 1738 1102 1784 &
1123 1738 1275 1802 legatis
1297 1741 1402 1804 Epi·

120 1829 320 1860 rotarum
353 1809 590 1874 pecuniam
622 1825 707 1871 pro
739 1807 966 1855 frumento
992 1808 1162 1866 solvit3
1187 1811 1237 1859 &
1271 1813 1403 1862 One-

119 1887 303 1947 fimum‚
323 1884 548 1950 Pythonis
580 1883 722 1931 filium
737 1920 750 1943 ,
773 1884 973 1932 nobilem
995 1885 1297 1934 Macedonem
1313 1924 1327 1946 ‚
1355 1889 1404 1937 in

120 1962 322 2011 senatum
342 1958 610 2007 introduxit.
630 1961 669 2005 Is
693 1951 813 2021 pac‘is
832 1958 1001 2023 semper
1017 1959 1172 2006 aufror
1190 1962 1283 2024 regi
1303 1959 1406 2015 fue-2

124 2045 195 2082 rat
208 2070 221 2092 ‚
239 2045 591 2096 monueratque,
606 2029 716 2078 ficut
730 2043 850 2093 pater
869 2030 962 2092 ejus
979 2030 1210 2094 Philippus
1224 2032 1406 2081 institu-

126 2119 222 2153 tum
243 2103 381 2167 usque
398 2102 452 2149 ad
470 2101 677 2148 ultimum
695 2101 802 2147 vitae
821 2101 935 2147 diem
957 2099 1185 2160 servabat,
1201 2102 1407 2165 quotidie

127 2177 262 2226 bisin
283 2176 353 2224 die
380 2175 562 2224 foederis
595 2174 669 2222 iffi
689 2192 790 2221 cum
814 2173 1033 2221 Romanis
1052 2174 1332 2238 perlegendi:
1360 2189 1408 2223 ut

127 2268 230 2298 eum
246 2267 417 2297 morem
431 2249 488 2307 ‚fi
507 2265 600 2295 non
616 2248 805 2310 semper,
823 2247 982 2293 crebro
997 2259 1145 2292 tamen
1165 2247 1409 2310 usurparem

126 2322 368 2386 Postquam
387 2322 606 2368 deterrere
623 2338 722 2367 eum
743 2336 767 2366 a
788 2320 909 2366 bello
931 2319 1129 2382 nequiit,
1143 2319 1291 2381 primo
1311 2319 1408 2367 sub-2

130 2397 302 2443 trahere
325 2396 410 2442 sese
431 2413 509 2459 per
532 2395 636 2443 alias
655 2407 784 2457 atque
803 2394 905 2440 alias
923 2394 1093 2450 causas,
1116 2411 1170 2438 ne
1190 2394 1409 2443 interess'et

130 2467 187 2517 iis
202 2504 216 2529 ,
239 2486 339 2534 quae
359 2485 453 2515 non
478 2467 726 2533 probabat,
747 2466 887 2530 coepit
905 2485 916 2513 :
934 2466 1165 2529 postremo
1181 2501 1194 2523 ,
1216 2484 1316 2515 cum
1335 2468 1410 2528 sug

1073 2540 1090 2583 Ι
1127 2557 1150 2584 2
