1673 3052
285 157 369 204 tN
417 149 1099 203 LOC.LIB.L11'L1V.
1283 164 1373 209 411

95 260 250 306 favente
274 263 406 313 DiaeO,
438 262 504 314 qui
529 260 720 303 talentum
750 259 818 300 ab
814 258 1073 305 Andronida,
1101 256 1149 298 ab
1180 255 1379 307 Archippo

97 327 351 381 quadraginta
371 328 498 367 minas
523 331 735 376 acceperat.
776 323 872 362 adeo
896 322 955 361 his
977 304 1151 360 sordibus
1171 318 1240 359 ille
1261 319 1378 358 affue

94 400 223 443 vetat,
244 400 288 432 ut
305 405 356 432 ne
376 392 419 430 in
444 389 512 430 tali
532 390 690 441 quidem
713 395 891 439 tempore
904 386 1028 439 poss'et
1050 399 1072 425 a
1093 384 1292 436 captandis
1307 396 1377 422 un„

95 456 301 508 decunque
320 453 551 495 muneribus>
569 452 758 493 defistere.

168 519 242 563 XI.
269 518 382 559 Idem
404 516 524 568 paulo
547 524 637 556 ante
660 515 745 555 haec
773 523 950 566 tempora
977 512 1134 553 crudele
1158 525 1311 564 quoque
1336 512 1379 551 in

93 580 291 623 Philinum
316 580 560 625 Corinthium
582 580 733 620 facinus
752 579 950 625 ediderat,
965 579 1094 617 mittere
1108 578 1210 616 illum
1233 574 1379 615 nuntios

92 645 144 681 ad
153 644 418 692 Meneta-idam,
440 644 475 686 ξφ
499 646 733 682 Romanorum
749 642 878 695 sedam
886 642 1010 695 siqui,
1025 640 1244 680 criminatus
1262 652 1271 679 :
1298 649 1380 677 ver-

93 704 323 758 beribusque
338 707 374 746 ἃ
393 705 593 746 tormentis
614 704 740 755 ipsum
755 707 791 744 ἃ
803 703 1063 744 adolescentes
1085 701 1204 751 filios,
1220 710 1263 740 ut
1281 700 1378 740 alios

91 768 256 809 aliorum
278 781 432 820 quoque
452 767 588 808 dolore
609 767 819 815 cruciaret,
844 767 885 805 in
908 774 1044 804 mutuo
1072 762 1279 814 conspeetu
1304 773 1378 801 oc-

87 832 263 874 ciderat..
287 833 402 873 Unde
422 845 512 871 cum
536 830 634 870 tales>
654 829 813 869 haberet
835 828 982 877 Achaja
1004 827 1146 876 duces,
1172 825 1290 876 qui&
1310 824 1379 863 do„

91 894 145 934 mi
167 893 394 934 crudelitate
414 893 647 943 avaritiaque
669 893 800 931 omnia
824 889 1142 940 corrumpebant,
1164 899 1290 938 neque
1305 887 1377 925 mi-

85 955 180 1002 litiae
209 957 474 1007 cognitionem
502 955 644 1002 ullam,
671 963 737 994 aut
763 954 954 1002 lectione,
977 960 1043 992 aut
1068 951 1285 999 auditione,
1311 956 1376 989 aut

87 1020 182 1070 usu,
203 1022 225 1073 f
234 1021 299 1072 qui
319 1019 389 1066 soli
411 1033 468 1058 res
489 1033 551 1059 eas
577 1015 751 1058 discen'di
774 1018 884 1057 modi
906 1016 1022 1070 sunt)
1047 1024 1296 1067 paraverant:
1319 1015 1376 1053 ni-

84 1082 142 1123 hil
163 1083 294 1134 potuit
321 1082 495 1122 accidere
524 1081 696 1131 felicius,
721 1094 839 1132 quam
865 1080 971 1131 quod
1001 1080 1169 1128 accidit,
1190 1087 1234 1118 ut
1255 1090 1373 1129 quam

66 1145 283 1193 ‚celerrime
305 1144 419 1193 victi,
439 1157 565 1202 neque
589 1143 771 1183 saeviendi
797 1143 838 1181 in
871 1141 1030 1182 Achaeos
1057 1140 1210 1179 causam
1237 1139 1374 1178 darent

84 1209 300 1255 Romanis,
322 1219 448 1257 neque
472 1197 539 1257 {pss
567 1204 755 1244 haberent
784 1204 1036 1244 facultatem:
1059 1208 1377 1259 agnoveruntque

84 1269 164 1310 hoc
186 1269 256 1322 ipfi
279 1281 372 1308 mox
385 1267 535 1316 Achaei,
549 1267 654 1317 apud
677 1279 773 1316 quos
792 1279 862 1315 per
886 1279 931 1305 ea
953 1273 1148 1315 tempora
1144 1261 1375 1304 Themisto-

85 1332 216 1373 cleum
248 1331 353 1373 illud
376 1328 568 1389 proverbii
589 1331 677 1369 vice
700 1329 925 1379 usurpatum
955 1328 1026 1376 est,
1050 1328 1285 1381 perieram
1311 1326 1379 1376 nil?

79 1395 309 1448 periissemus.

86 1483 89 1489 .
148 1455 243 1497 XII.
275 1455 379 1496 Inter
406 1453 492 1493 haec
527 1453 568 1493 L.
604 1453 823 1492 Mummius
858 1451 1008 1492 summa
1043 1452 1295 1490 contentione
1320 1449 1370 1489 ad

83 1516 293 1557 exercitum
316 1515 538 1562 festinabat,
563 1515 695 1553 audito
719 1516 798 1563 jam
820 1513 1003 1564 prospero
1028 1511 1183 1552 Metelli
1203 1510 1367 1562 proelio,

81 1592 133 1619 ne
156 1579 240 1630 post
262 1579 483 1619 confectum
500 1575 645 1615 bellum
669 1575 793 1615 exsors
814 1576 941 1627 gloriae
963 1574 1166 1626 imperium
1187 1574 1367 1620 haberet,

41 1652 45 1658 ·
84 1641 241 1682 veritus.
261 1641 364 1681 Nam
398 1652 524 1678 rerum
552 1637 704 1677 illarum
736 1651 812 1676 non
839 1638 956 1677 modo
992 1637 1094 1675 fama
1121 1635 1292 1674 celeriter
1317 1635 1369 1674 est

84 1702 284 1755 evulgata,
304 1701 370 1741 sed
403 1702 518 1740 etiam
543 1701 668 1739 nuntii
694 1699 885 1750 literaeque
909 1700 1076 1740 Romam
1098 1711 1258 1738 venere:
1281 1706 1370 1737 ante

24 1777 29 1782 ·
83 1777 218 1821 omnes
247 1764 288 1803 A.
314 1763 517 1810 Postumii,
548 1763 615 1813 qui
648 1763 796 1812 primus
818 1762 993 1801 omnium
1019 1762 1066 1800 de
1090 1761 1249 1800 victoria
1276 1759 1361 1799 Me-

82 1826 164 1870 telli
183 1827 233 1866 ad
251 1825 427 1865 senatum
453 1824 661 1876 scripserat.
688 1825 865 1874 Namque
891 1824 1010 1863 homo
1037 1823 1191 1873 ingenio
1217 1834 1364 1869 vanus,

79 1903 169 1933 cum
188 1890 258 1930 sub
280 1898 433 1941 tempus
459 1889 704 1930 conserendae
729 1903 866 1941 pugnae
894 1903 961 1941 per
988 1887 1270 1928 fimulationem
1293 1899 1366 1926 va-

77 1951 261 1994 letudinis
296 1951 451 1994 Thebas
483 1951 721 1992 Phthioticas
758 1951 1022 1998 conceffisset‚
1061 1949 1144 2001 post
1181 1957 1362 1988 eventum

78 2013 211 2052 omnia
235 2012 448 2064 perscripht
474 2012 694 2064 diligenter,
719 2025 841 2063 eoque
867 2012 1074 2051 verborum
1097 2023 1255 2062 genere,
1277 2016 1366 2048 tan-

79 2087 194 2125 quam
208 2073 287 2125 ipse
307 2066 544 2114 interfui‘ffiet.
560 2074 670 2123 Inde
685 2089 767 2125 quae
781 2074 943 2113 historiis
964 2075 1045 2121 ejus
1062 2072 1239 2111 habenda
1261 2071 1303 2109 fit
1320 2070 1364 2108 fi-

78 2137 169 2185 des,
193 2134 299 2176 haud
324 2135 480 2176 difficile
506 2136 692 2176 arbitratu
718 2136 792 2184 est,
820 2136 859 2174 in
886 2136 1025 2186 quibus
1049 2137 1084 2175 δι
1110 2134 1194 2183 ipfis
1219 2145 1361 2182 quem-

77 2198 292 2239 admodum
316 2211 337 2238 a
363 2197 509 2238 Catone
534 2199 577 2237 fit
603 2198 710 2238 illusa
734 2198 888 2249 puerilis
914 2199 953 2236 in
983 2198 1063 2237 viro
1089 2194 1278 2236 consulari
1304 2197 1360 2244 ja-

77 2260 239 2309 stantia,
262 2259 470 2300 multorum
493 2261 640 2312 scriptis
661 2270 890 2301 annotatum
915 2262 978 2301 est.

123 2382 144 2424 ἕ
174 2383 216 2415 X.
238 2382 297 2415 Pol
301 2384 356 2427 b.
381 2383 402 2423 Ε
425 2382 483 2415 XI.
508 2383 640 2426 polybii
660 2383 844 2427 fragmenta
870 2385 902 2416 in
927 2384 1078 2416 editione
1103 2381 1293 2415 casauboni
1316 2393 1352 2425 p.

77 2395 1058 2472 1014.Polybyap.Va1e1.P1ut.inThemist‹›c1.c.41.
1087 2431 1107 2473 5
1132 2427 1204 2460 ΧΗ
1229 2426 1352 2460 Zonar.

76 2469 200 2518 Pozyb.
