1673 3052
664 46 680 80 A

303 191 846 240 HISTORIARUM
880 194 993 241 LIB.
1028 191 1167 243 XLIT.
1308 210 1368 260 75

89 315 141 347 ea
169 298 212 345 se
244 297 358 363 saepe
386 299 695 358 minabantur,
713 312 792 361 ut,
826 301 1039 350 incendio
1064 303 1289 366 intersepti
1317 306 1374 352 ab

87 371 241 430 hoste,
260 372 447 436 spatium
481 373 535 420 ad
559 372 869 437 objiciendum
899 376 1160 424 interiorem
1191 396 1371 425 murum

87 446 318 494 haberent.
364 448 507 507 Quod
544 447 772 511 inceptum
821 466 981 509 eorum
1025 450 1120 498 fors
1155 453 1380 515 impediit.'

86 538 195 568 nam*
208 533 356 568 tantus
377 535 563 583 repente
581 521 744 568 effusus
762 522 823 568 est
844 522 1008 578 imber,
1039 537 1090 570 ut
1112 542 1196 571 nec
1214 543 1374 573 accen-

85 592 130 640 di
163 592 292 641 facile
319 605 567 656 pateretur,
589 596 638 641 &
665 593 965 658 exstingueret
987 596 1184 644 accensa.
1218 601 1372 661 ltaque

7 697 9 699 >
84 668 135 715 δὲ
161 666 370 713 transitus
391 682 472 728 per
499 666 696 713 distracta
731 665 949 714 fumantia
972 667 1169 731 virgulta
1197 672 1370 732 patuit3

83 740 157 798 &3
177 739 225 786 in
245 739 376 786 unius
397 739 488 786 loci
511 739 762 802 praefidium
784 741 996 787 omnibus
1018 741 1183 798 versis,
1200 743 1373 791 moenia

82 827 269 876 quoque
286 810 490 874 pluribus
511 812 638 858 simul
664 813 862 875 partibus
891 813 1016 860 scalis
1035 813 1288 876 capiuntur.
1321 819 1370 863 In

82 884 235 948 primo
266 885 464 931 tumultu
493 896 635 947 captae
661 886 787 933 urbis
816 886 1012 934 seniores
1045 887 1371 952 impubesque,

83 973 200 1021 quos
228 960 348 1006 casus
379 958 548 1007 obvios
583 960 778 1017 obtulit,
800 962 953 1024 paffim
985 961 1084 1010 caefi
1104 981 1113 1009 :
1135 963 1293 1009 armati
1324 964 1372 1009 in

81 1045 230 1076 arcem
256 1030 590 1095 confugerunt:
612 1034 661 1080 &
683 1032 865 1094 postero
896 1034 966 1079 die
983 1070 996 1089 ,
1018 1051 1121 1081 cum
1149 1034 1239 1098 spei
1260 1034 1372 1081 nihil

81 1101 343 1165 supereffet,
362 1103 599 1151 deditione
632 1103 775 1160 facia,
806 1104 885 1152 sub
915 1122 1088 1153 corona
1115 1107 1372 1155 venierunt.

82 1177 281 1223 Fuerunt
302 1189 449 1224 autem
481 1177 571 1223 duo
604 1177 743 1224 millia
770 1178 909 1224 ferme
932 1181 980 1226 ὃ(
1011 1179 1274 1243 quingenti:
1294 1198 1375 1226 or-

81 1261 291 1296 namenta
316 1249 457 1307 urbis,
481 1250 631 1297 statuae
649 1251 698 1297 &
717 1250 879 1297 tahulae
901 1251 1055 1313 pfflae,
1075 1253 1125 1299 &
1151 1252 1374 1315 quidquid

80 1320 290 1384 pretiosae
308 1322 470 1383 praedae
491 1321 603 1379 fuit,
623 1323 677 1368 ad
699 1340 838 1370 naves
862 1323 1084 1371 delatum:
1102 1326 1208 1372 urbs
1226 1326 1372 1374 diruta

81 1410 105 1439 a
126 1392 443 1441 fundamentis.
473 1394 581 1440 Inde
607 1394 786 1442 Thebas
808 1395 962 1443 duetus
985 1397 1207 1445 exercitus
1232 1415 1243 1445 τ
1266 1398 1371 1462 qui-

81 1464 163 1512 bus
192 1464 282 1512 sine
303 1465 548 1513 certamine
569 1466 788 1529 receptis,
815 1468 972 1514 urbem
998 1469 1177 1516 tradidit
1202 1470 1371 1517 exsuli-

79 1538 160 1602 bus
173 1574 188 1596 ,
210 1540 260 1586 &
277 1539 360 1603 vqui
390 1541 707 1602 Romanorum
737 1541 875 1603 partis
904 1554 1058 1590 erant:
1080 1543 1278 1590 adversae
1300 1543 1370 1592 fa-

4 1660 7 1663 *
81 1610 242 1659 &ionis
277 1611 545 1667 hominum,
577 1612 898 1677 fautorumque
927 1614 1043 1678 regis
1072 1632 1123 1662 ac
1153 1617 1369 1663 Macedo-

80 1700 190 1731 num
228 1683 419 1749 familias
464 1686 545 1733 sub
586 1703 762 1735 corona
799 1688 1021 1734 vendidit.
1058 1689 1125 1735 his
1157 1689 1285 1753 gestis
1320 1691 1368 1740 in

46 1750 51 1755 ’
79 1756 280 1814 Boeotia,
300 1758 356 1804 ad
376 1776 495 1806 mare
517 1777 569 1807 ac
594 1777 732 1808 naves
758 1759 903 1808 rediit.

143 1831 304 1877 LXIV.
335 1831 455 1878 Cum
483 1831 580 1879 haec
606 1832 654 1878 in
677 1833 856 1879 Boeotia
877 1843 1164 1896 gererentur,
1186 1832 1369 1880 Perseus

26 1918 29 1921 ’
79 1901 135 1949 ad
169 1902 408 1967 Sycurium
444 1903 604 1953 stativa
638 1905 810 1951 dierum
847 1906 1023 1968 aliquot
1058 1905 1226 1952 habuit.
1272 1906 1365 1954 Ubi

79 1992 180 2023 eum
201 1977 413 2035 audisset,
445 1977 605 2041 raptim
633 1978 871 2026 Romanos
903 1979 1019 2026 circa
1047 1995 1104 2024 ex
1135 1979 1252 2043 agris
1287 1979 1367 2026 de·

78 2048 262 2095 messum
301 2048 575 2095 frumentum
613 2050 908 2108 convehere,
954 2050 1116 2096 deinde
1153 2062 1256 2096 ante
1294 2051 1369 2099 sua

80 2136 302 2183 quemque
324 2120 520 2168 tentoria
547 2120 686 2183 spicas
719 2121 909 2170 fascibus
939 2121 1216 2170 desecantem
1235 2159 1249 2182 ‚
1272 2140 1368 2188 quo

79 2193 232 2257 purius
248 2193 520 2241 frumentum
542 2205 706 2241 tereret
721 2232 735 2254 ,
755 2195 957 2259 ingentes
981 2212 1172 2243 acervos
1195 2213 1274 2259 per
1291 2210 1367 2245 to-

79 2279 125 2313 ta
145 2268 281 2315 castra
312 2268 656 2316 stramentorum
691 2270 868 2318 fecifi'e:
898 2283 1019 2318 ratus
1040 2271 1252 2318 incendio
1282 2288 1366 2334 op-

79 2353 276 2403 portuna
296 2342 380 2388 effe
397 2378 410 2399 ,
437 2342 555 2390 faces
569 2379 581 2401 ,
614 2344 889 2406 taedamque,
920 2345 968 2391 ὅ(
986 2344 1223 2391 malleolos
1243 2344 1366 2406 stup-

50 2466 53 2468 ,
80 2429 150 2475 pae
172 2411 313 2458 illitos
346 2413 445 2476 pice
469 2415 614 2475 parari
635 2415 788 2476 jubet:
822 2427 955 2479 atque
983 2416 1042 2462 ita
1062 2416 1206 2462 media
1232 2417 1365 2462 nocte

13 2541 19 2550 ἡ
81 2483 336 2548 profectus,
356 2498 406 2533 ut
424 2486 566 2549 prima
585 2486 682 2535 luce
709 2488 929 2552 aggress'us
948 2488 1135 2537 falleret.
1162 2488 1366 2553 Nequid-
