1673 3052
248 199 345 246 '266
413 196 510 245 JO.
555 192 1067 242 FREINSHEMII
1113 190 1484 240 SUPPLEM;

251 306 345 354 mis,
363 305 639 355 Torquatoque
663 303 700 341 &
721 299 876 342 Merula
890 332 904 348 ‚
927 300 992 351 qui
1013 312 1034 338 a
1049 298 1242 350 legatione
1262 297 1417 338 interim
1433 297 1553 337 redie-

251 377 339 409 rant
360 399 372 415 ‚
403 368 568 407 eandem
601 367 711 405 enixe
746 363 993 415 juvantibus,
1021 362 1173 401 senatus
1207 363 1303 400 intra
1333 362 1423 399 diem
1453 361 1555 413 quin-

250 443 324 470 tum
347 430 461 470 Italia
490 429 649 466 excedere
683 425 942 478 Menithyllum
969 422 1096 473 justit,
1125 424 1307 472 decreto,
1332 423 1386 461 uti
1405 420 1555 475 sadus,

252 494 348 545 quod
361 491 518 545 populus
541 492 728 529 Romanus
754 503 829 527 cum
853 486 980 539 majore
1000 486 1186 524 Ptolemaeo
1207 487 1399 531 habuerat,
1422 483 1557 523 tollere-

253 566 335 592 tur.-
367 552 540 604 legatique
579 552 793 590 mitterentur
824 551 874 588 ad
893 548 1092 601 juniorem,
1123 546 1231 600 hujus
1261 545 1559 600 finatufionsulti

256 616 309 652 ad
327 629 402 652 eum
417 612 614 666 perferendi
634 612 766 664 gratia.
796 610 900 651 Miffi
924 610 961 650 P.
986 608 1164 659 Apustius
1178 638 1191 656 ‚
1211 608 1253 648 C.
1278 607 1463 648 Lentulus
1484 605 1558 656 Cy-

253 678 382 723 renis,
404 679 483 727 jam
511 686 734 726 receptum,
758 686 943 725 reperere.
977 674 1107 723 Quare
1131 685 1232 711 nova
1256 671 1323 722 spe
1348 670 1560 717 animatus,

252 747 337 779 tota
361 747 493 777 mente
519 739 567 777 de
586 737 713 788 Cypro
736 735 1000 786 recuperanda
1026 734 1148 784 coepit
1165 733 1356 784 cogitare,
1378 729 1559 770 militem-

256 812 332 851 que
362 801 398 839 &
424 798 496 838 alia
526 796 632 836 bello
659 795 863 836 necessaria
888 795 1037 834 summa
1062 806 1138 845 ope
1166 792 1360 842 colligere.

326 863 437 903 XIII.
480 863 684 902 Novorum
722 859 869 898 interea
904 866 1085 896 motuum
1113 855 1233 895 causae
1260 867 1349 895 cum
1371 851 1560 894 Dalmatis

257 935 410 967 exortae.
442 923 614 976 Populus
638 924 703 963 iste
726 921 794 961 sub
823 920 997 960 Pleurato
1024 932 1147 970 nuper
1170 918 1322 957 fuerat:
1351 930 1398 956 eo
1425 915 1562 956 defun-

259 991 349 1037 c‘to,
377 986 559 1026 deficiens
589 998 611 1024 a
638 984 804 1030 Gentio,
831 995 910 1021 non
939 981 1148 1032 usurpabat
1172 980 1292 1020 modo
1319 977 1562 1028 libertatem,

263 1053 329 1092 sed
355 1054 435 1102 jam
460 1050 609 1089 vicinos
634 1046 848 1098 incipiebat
870 1046 918 1085 ad
940 1045 1134 1085 servitium
1162 1057 1311 1095 cogere.
1336 1042 1562 1092 tributoque

260 1121 448 1167 pecorum
471 1114 507 1152 δε
530 1111 718 1151 frumenti
742 1107 938 1148 nonnullis
962 1107 1164 1158 impolito,
1186 1105 1276 1154 alii,
1297 1105 1362 1155 qui
1385 1104 1426 1143 id
1447 1103 1563 1143 dede-

261 1191 328 1217 cus
363 1175 610 1221 abnuebant,
642 1171 837 1223 perpetuis
873 1169 1029 1208 illorum
1066 1167 1277 1207 latrociniis
1307 1165 1560 1205 vastabantur.

262 1238 367 1279 Liffii
390 1237 583 1290 praecipue
604 1235 813 1283 Daorfique
835 1232 978 1271 fiducia
1005 1231 1188 1272 Romanae
1212 1229 1404 1269 societatis
1425 1227 1565 1267 resiste-

262 1299 386 1339 bant:
421 1295 715 1347 frequentesque
740 1293 788 1332 ab
815 1292 900 1343 ipsis
926 1290 1088 1342 querelae
1123 1289 1259 1330 delatae
1281 1296 1415 1330 erant:
1439 1287 1563 1330 Liffiis

263 1378 370 1418 agros
396 1363 431 1401 δ’
450 1360 581 1414 oppida
594 1359 664 1412 fita
686 1356 928 1411 (Tragyrium
953 1357 988 1395 δ’
1002 1355 1170 1408 Epetium
1195 1353 1396 1402 habebant)
1412 1352 1567 1406 infestari

265 1422 534 1465 nuntiantibus
553 1452 564 1469 ‚
592 1432 664 1458 nec
683 1417 868 1458 abfimilia
893 1416 1023 1457 Daorsi
1044 1416 1265 1463 afferebant.
1289 1414 1435 1455 Placuit
1449 1414 1566 1464 igitur

265 1487 504 1537 legationem
532 1483 583 1523 ad
613 1481 809 1522 Dalmatas
843 1479 968 1526 mitti,
995 1479 1131 1518 eadem
1166 1491 1283 1530 opera
1311 1489 1370 1516 res
1395 1475 1566 1527 Illyricas

262 1547 534 1599 inspefturam.
571 1544 661 1593 Ejus
694 1541 896 1593 legationis
928 1540 1105 1591 princeps
1133 1540 1177 1580 C.
1204 1538 1372 1580 Fannius
1395 1537 1479 1577 fuit.
1518 1537 1566 1576 At

265 1612 403 1653 Romae
427 1608 484 1649 M.
511 1606 668 1648 Fulvius
692 1603 883 1646 Nobilior<
898 1601 1128 1655 proconsule
1150 1615 1199 1642 ex
1221 1601 1374 1652 Liguria
1395 1600 1443 1639 de
1457 1599 1570 1640 Elea·-

267 1681 351 1712 tum
387 1670 535 1722 populo
572 1667 828 1719 triumphavit
863 1679 895 1705 a.
925 1665 963 1705 d.
993 1665 1072 1706 XII
1099 1663 1184 1705 Kal.
1212 1662 1470 1715 Septembres.
1507 1661 1567 1701 De

269 1726 347 1788 quo
363 1734 544 1785 equidem
561 1764 572 1781 ‚
590 1745 682 1783 quas
707 1743 764 1770 res
779 1761 790 1777 ,
812 1737 878 1768 aut
901 1728 1100 1779 quomodo
1115 1726 1285 1779 gesserit,
1300 1725 1397 1766 nihil
1417 1732 1568 1777 praeter-
1603 1758 1610 1764 .

269 1812 313 1838 ea
339 1796 477 1836 inveni.
520 1795 632 1835 Certe
658 1805 727 1845 per
752 1805 796 1831 ea
827 1800 1004 1843 tempora
1027 1803 1116 1830 cum
1139 1790 1356 1842 graviorum
1375 1788 1568 1828 bellorum

271 1858 430 1899 materia
462 1857 668 1903 deficeret,
695 1866 773 1893 non
801 1854 889 1892 ideo
922 1852 1127 1892 deficiebat
1157 1850 1350 1891 ambitio:
1386 1849 1451 1890 sed
1479 1850 1568 1900 quia

270 1920 340 1961 soli
362 1917 645 1970 propemodum
662 1916 818 1966 Ligures
835 1946 846 1963 ‚
867 1916 990 1966 magis
1012 1916 1102 1954 loco
1117 1944 1128 1962 ‚
1144 1927 1260 1964 quam
1279 1912 1422 1952 viribus
1434 1942 1448 1958 ‚
1462 1910 1568 1958 freti,

274 1995 380 2022 arma
402 1980 641 2028 retinebant,
663 1979 702 2016 in
726 1977 867 2016 horum
889 1976 1154 2029 expugnandis
1179 1974 1341 2015 castellis
1366 1973 1567 2025 captandae

274 2045 400 2086 laudis
428 2043 574 2081 occasio
603 2041 855 2097 quaerebatur.

329 2109 438 2150 XIV.
472 2109 559 2148 Sex.
585 2107 728 2146 deinde
752 2105 856 2155 Julio
883 2106 970 2146 Sex.
994 2105 1036 2145 F.
1059 2106 1146 2145 Sex.
1169 2104 1218 2144 N.
1244 2100 1412 2150 Caesare,
1434 2100 1475 2140 L.
1491 2100 1568 2140 Au-

275 2174 368 2215 relio
385 2173 427 2213 L.
455 2172 494 2212 F.
520 2172 562 2212 L.
587 2173 638 2212 N.
665 2170 796 2210 Oreste
820 2168 1062 2214 consulibus,
1086 2168 1248 2206 Romam
1271 2163 1484 2205 Ariarathes
1505 2175 1568 2202 ve-

277 2237 358 2286 nit,
382 2235 417 2274 vi
442 2234 708 2286 Orophernis,
732 2233 797 2283 qui
820 2232 857 2270 se
871 2232 1029 2271 fratrem
1055 2231 1137 2279 ejus
1167 2228 1339 2275 ferebat,
1366 2225 1569 2276 Cappado-

277 2303 334 2341 cia
360 2299 551 2351 expulsus.
588 2299 708 2348 Cujus
735 2297 787 2336 rei
816 2297 1002 2347 originem
1028 2294 1142 2345 paulo
1172 2293 1284 2344 supra
1316 2290 1564 2342 repetendam

328 2429 348 2469 ,Ε
374 2428 448 2461 XII.
466 2426 586 2471 Polyb.
614 2433 764 2468 excerpt.
794 2424 909 2469 Legat.
941 2433 1014 2463 ¹¹7-
1042 2421 1144 2455 Diod.
1172 2433 1226 2463 ap.
1250 2419 1419 2452 Fulvium.
1446 2415 1568 2463 Polyb.

284 2474 306 2514 β
337 2472 425 2503 xm.
451 2472 526 2503 Liv.
544 2472 631 2513 Fpit.
649 2481 701 2509 47.
721 2469 843 2502 Zonar.
865 2469 984 2513 Polyb.
1006 2477 1155 2510 excerpt.
1181 2465 1258 2511 Leg.
1277 2475 1350 2505 124.
1365 2461 1447 2495 fasti
1467 2460 1572 2503 Cap:-

287 2520 347 2551 tol.
371 2517 443 2550 cic.
468 2518 502 2550 'm
524 2517 626 2550 Bruto
647 2528 675 2548 c.
692 2525 748 2559 73.
