1673 3052
285 160 416 232 208‘
652 177 1213 227 T1T1L1V11

350 291 541 338 XXVII.
569 288 694 335 Dum
719 286 814 333 haec
845 284 890 332 in
918 284 1106 348 Illyrico
1129 291 1364 346 geruntur,
1387 277 1569 328 Paullus

285 376 389 413 ante
415 363 656 410 adventum
687 359 837 406 decem
874 357 1120 420 legatorum
1151 355 1212 415 Q.
1248 351 1493 400 Maximum
1516 351 1572 398 fi-

284 440 421 494 lium,
445 436 531 495 jam
547 434 602 479 ab
620 434 765 478 Roma
785 430 1040 494 regressum,
1059 429 1112 475 ad
1131 426 1355 491 AEginium
1374 427 1424 472 &
1443 423 1572 488 Agas-

286 510 353 557 sas
379 506 647 568 diripiendas
669 503 830 551 mittit:
854 502 1056 566 Agassas,
1092 502 1243 565 quod,
1270 517 1373 547 cum
1394 498 1571 546 Marcio

289 579 465 630 consuli
501 576 773 624 tradidissent
807 577 994 634 urbem,
1024 574 1161 637 petita
1202 573 1324 621 ultro
1361 572 1580 620 societate-

287 655 494 703 Romana
509 688 522 710 ,
544 651 796 697 defecerant
815 648 961 695 rursus
982 649 1037 694 ad
1052 646 1231 693 Persea:
1253 644 1573 709 AEginienfium

289 744 468 775 novum
504 725 672 772 crimen
707 735 814 769 erat.
849 721 977 768 famae
1012 721 1064 768 de
1109 719 1300 768 vi&oria
1335 722 1574 767 Romano·-

290 820 390 851 rum
417 800 546 848 fidem
579 815 672 845 non
693 797 906 843 habentes
921 833 937 854 ,
957 796 1003 842 in
1024 795 1239 859 quosdam
1260 794 1482 851 militum,
1501 809 1576 839 ur·

291 880 394 926 bem
421 874 660 939 ingressos,
691 871 909 918 hostiliter
947 869 1191 918 saevierant.
1235 869 1303 916 Ad
1335 866 1577 925 AEniorum

292 964 479 1014 quoque
498 944 717 993 hostiliter
742 944 895 990 urbem
914 942 1207 1006 diripiendam
1227 943 1274 988 L.
1297 938 1577 986 Postumium

293 1022 440 1078 misit,
459 1020 585 1083 quod
618 1017 913 1080 pertinacius,
936 1033 1070 1080 quam
1105 1014 1308 1061 finitimae
1342 1012 1580 1068 civitates,

295 1095 343 1143 in
363 1093 496 1142 armis
526 1091 713 1138 fuerant.
745 1088 965 1136 Autumni
996 1088 1086 1135 fere
1111 1099 1287 1150 tempus
1315 1096 1433 1140 erat;
1453 1083 1580 1145 cujus

294 1166 513 1229 temporis
539 1163 671 1210 initio
703 1162 1065 1209 circumeundam
1094 1160 1318 1208 Graeciam
1335 1156 1583 1217 ,visenda-

295 1257 407 1304 que,
437 1255 537 1302 quae
580 1235 816 1283 nobilitata
855 1234 971 1282 fama
1007 1233 1145 1298 magis
1185 1232 1366 1281 aurib'us
1397 1240 1582 1290 accepta

298 1315 427 1369 sunt,
447 1328 579 1375 quam
610 1309 757 1356 oculis
779 1309 1052 1365 noscuntur,
1067 1319 1117 1353 ut
1139 1306 1311 1362 statuit,
1336 1303 1582 1368 praeposito

299 1383 450 1433 castris
468 1383 521 1429 C.
542 1380 745 1444 Sulpicio
773 1380 910 1427 Gallo
925 1416 939 1436 ‚
959 1377 1187 1440 profectus
1218 1395 1320 1426 cum
1350 1376 1467 1424 haud
1485 1391 1583 1421 ma·-

300 1474 394 1522 gno
428 1454 671 1508 comitatu,
700 1450 951 1514 tegentibus
985 1448 1121 1495 latera
1149 1449 1364 1509 Scipione
1399 1447 1498 1494 filio
1532 1447 1583 1492 &

299 1530 520 1579 Athenaeo
539 1523 750 1571 Eumenis
769 1523 885 1587 regis
905 1521 1040 1568 fratre
1053 1557 1065 1580 ‚
1083 1537 1162 1584 per
1181 1518 1450 1566 Thessaliam
1473 1515 1585 1564 Del-

301 1605 418 1668 phos
435 1600 573 1664 petit,
595 1597 796 1644 inclitum
818 1596 1076 1643 oraculum:
1094 1595 1186 1653 ubi,
1207 1592 1424 1641 sacrificio
1441 1591 1586 1655 Apol-

302 1674 387 1723 lini
407 1673 524 1721 fa&o
540 1708 554 1730 ‚
576 1671 810 1717 inchoatas
832 1670 878 1715 in
901 1668 1122 1715 vestibulo
1145 1668 1404 1723 columnas,
1425 1665 1586 1730 quibus

304 1746 558 1812 imposituri
591 1745 751 1791 statuas
780 1743 894 1807 regis
928 1742 1067 1790 Persei
1091 1742 1297 1801 fuerant,
1319 1738 1402 1788 suis
1432 1738 1587 1787 statuis

308 1824 458 1869 vietor
481 1818 730 1867 destinavit.
750 1808 973 1863 'Lebadiae
1000 1832 1183 1878 quoque
1215 1813 1430 1876 templum
1456 1810 1586 1859 Jovis

310 1893 572 1958 Trophonii
610 1892 731 1938 adiit.
767 1889 829 1936 ibi
864 1906 964 1936 cum
998 1888 1174 1936 vidisset
1204 1904 1254 1934 os
1292 1886 1474 1949 specus,
1510 1899 1589 1946 per

309 1968 438 2034 quod
458 1965 648 2014 oraculo
670 1975 844 2011 utentes
866 1961 1126 2008 sciscitatum
1148 1961 1279 2006 Deos
1299 1957 1590 2014 descendunt,

310 2040 529 2090 sacrificio
549 2039 653 2086 Jovi
672 2040 1021 2099 Hercynnaeque
1039 2033 1174 2091 fadio,
1195 2047 1386 2095 quorum
1408 2030 1467 2075 ibi
1487 2043 1595 2076 tem-

311 2115 436 2178 plum
455 2112 541 2171 est,
562 2111 822 2158 Chalcidem
842 2109 895 2154 ad
916 2106 1209 2169 {petiz-{culum
1237 2104 1392 2166 Euripi
1415 2105 1440 2125 ⁴*
1463 2118 1594 2148 aevo-

314 2205 402 2251 que
426 2198 526 2233 ante
546 2184 724 2240 insulae,
748 2195 887 2245 ponte
921 2179 1174 2227 continenti
1203 2178 1392 2239 junStze‚
1413 2177 1594 2223 descen-

316 2261 396 2308 dit.
432 2264 472 2307 A
510 2258 725 2305 Chalcide
762 2256 966 2302 Aulidem
1003 2253 1195 2314 trajicit,
1233 2253 1363 2298 trium
1404 2250 1595 2297 millium

316 2333 460 2398 spatio
488 2333 948 2393 distanteni‚portum
980 2329 1183 2375 inclitum
1221 2327 1410 2373 statione
1443 2341 1595 2386 quon-
1662 2332 1665 2335 “

316 2409 418 2454 dam
448 2406 569 2452 mille
598 2404 779 2451 navium
813 2401 1178 2466 Agamemnoniae
1213 2399 1378 2455 classis,
1407 2397 1597 2444 Dianae-

316 2496 402 2544 que
423 2478 638 2542 templum
654 2514 669 2537 ,
690 2477 765 2525 ubi
793 2478 985 2527 navibus
1010 2474 1187 2525 cursum
1215 2474 1269 2521 ad
1293 2470 1481 2534 Trojam
1498 2505 1513 2529 ‚
1540 2467 1594 2515 fi-
