1673 3052
294 199 839 248 HISTORIARUM
874 199 995 248 LlB.
1031 199 1170 248 XLlr.
1311 212 1365 247 ιι

74 307 246 373 quippe
276 323 414 371 quem
450 323 548 354 non
576 305 743 369 justum
778 307 922 354 modo
952 321 1166 370 apparare
1193 305 1368 352 bellurn

74 382 204 446 regio
236 380 421 439 anime,
457 379 533 428 sed
570 396 650 443 per
689 380 844 426 omnia
879 378 1153 427 clandestina
1189 378 1372 442 graffari

73 453 240 501 scelera
273 452 627 500 latrociniorum
659 468 711 501 ac
748 450 1078 499 veneficiorum
1112 452 1374 500 cernebant.

69 524 184 572 Belli
212 524 542 573 administratio
574 525 631 573 ad
661 541 817 572 novos
849 523 1055 571 consules
1087 518 1253 585 rejessta
1276 525 1338 572 est
1359 545 1373 574 ε

74 595 123 643 in
153 596 384 660 praesentia
407 609 557 646 tamen
588 598 676 645 Cn.
708 596 926 644 Sicinium
949 609 1191 658 praetorem
1208 634 1223 654 ‚
1245 597 1376 658 cujus

76 668 195 717 inter
220 670 344 719 cives
375 671 425 718 &
453 670 717 735 peregrinos
750 668 998 731 jurisdictio
1033 681 1152 726 erat,
1179 668 1372 717 scribere

74 742 238 790 milites
258 743 461 807 placuit3
482 744 591 807 qui,
613 742 896 790 Brundisium
918 741 1035 788 duffi
1048 778 1062 800 ,
1082 741 1232 804 primo
1250 759 1371 805 quo-

73 831 163 877 que
195 827 402 878 tempore
432 814 732 878 Apolloniam
764 815 811 861 in
842 813 1028 877 Epirum
1059 812 1372 873 trajicerentur

73 886 130 933 ad
165 887 453 949 occupandas
492 887 737 934 maritimas
771 887 935 945 urbes,
961 885 1043 933 ubi
1074 885 1258 945 consul,
1294 887 1368 935 eui

71 959 316 1024 provincia
336 959 606 1008 Macedorja
635 960 890 1007 obvenisset
905 995 919 1019 ,
939 959 1116 1007 claffem
1141 959 1369 1023 appellere

72 1045 205 1091 tuto,
236 1036 286 1082 &
317 1034 473 1098 copias
502 1051 581 1098 per
613 1035 910 1083 commodum
943 1050 1174 1097 exponere
1205 1024 1367 1096 postet.

73 1099 322 1167 Eumenes,
351 1108 626 1173 aliquamdiu
665 1108 841 1173 AEginae
878 1119 1076 1154 retentus
1113 1107 1368 1170 periculosa

70 1182 124 1230 &
159 1182 332 1231 difficili
363 1183 628 1242 curatione,
664 1201 769 1231 cum
807 1182 1004 1246 pri‘num
1039 1193 1140 1228 tuto
1180 1182 1366 1243 potuit,

61 1254 299 1319 <profectus
329 1257 623 1321 Pergamum,
643 1269 806 1319 praeter
839 1257 1076 1320 pristinum
1108 1255 1265 1304 odium
1292 1271 1371 1306 re-

71 1329 193 1377 centi
215 1330 350 1377 etiam
369 1329 532 1378 scelere
551 1330 697 1378 Persei
717 1330 1001 1388 stimulante,
1031 1330 1199 1378 summa
1221 1330 1267 1379 vi
1286 1350 1368 1394 pa·-

69 1403 197 1450 rabat
217 1401 401 1449 bellum.
420 1403 572 1466 Legati
596 1420 653 1449 eo
676 1403 731 1449 ab
753 1403 901 1449 Roma
915 1437 928 1461 ,
946 1403 1223 1466 gratulantes
1238 1405 1368 1467 quod

68 1493 96 1523 e
124 1489 261 1525 tanto
280 1476 488 1540 periculo
515 1477 750 1535 evafiffet,
780 1487 1020 1526 venerunt.
1057 1476 1176 1524 Cum
1207 1478 1367 1524 Maee-

69 1550 290 1598 donicum
323 1548 495 1596 bellurn
530 1548 576 1597 in
605 1566 774 1596 annum
809 1547 998 1594 dilatum
1035 1547 1167 1604 effet,
1206 1548 1368 1596 ceteris

70 1622 339 1687 praetoribus
365 1620 456 1684 jam
480 1621 527 1668 in
556 1622 819 1685 provincias
849 1620 1087 1685 profectis,
1113 1623 1177 1669 M.
1207 1623 1371 1671 Junius

67 1696 120 1743 &
148 1696 222 1758 Sp.
248 1695 509 1754 Lucretius,
541 1695 704 1758 quibus
730 1694 954 1757 Hispaniae
988 1694 1244 1757 provinciae
1277 1695 1368 1742 oh—

69 1780 318 1828 venerant,
339 1768 528 1833 fatigato
547 1768 662 1832 saepe
684 1770 803 1817 idem
834 1769 1031 1832 petendo
1058 1768 1238 1827 senatu,
1262 1785 1367 1816 tan-

68 1842 171 1890 dem
200 1842 520 1905 pervicerunt,
538 1855 590 1889 ut
616 1842 979 1906 supplementum
1000 1842 1082 1889 fibi
1110 1843 1167 1889 ad
1187 1842 1364 1894 exerci-

70 1927 166 1963 tum
193 1916 375 1963 daretur
403 1915 488 1961 tria
515 1915 653 1962 millia
682 1915 912 1978 peditum,
935 1926 1115 1961 centum
1145 1916 1195 1962 &
1227 1914 1367 1978 quin·

68 1990 284 2052 quaginta
304 1988 474 2054 equites
496 1989 544 2037 in
573 1990 803 2036 Romanas
823 1989 1023 2052 legiones
1048 2006 1059 2035 :
1083 1988 1129 2035 in
1151 1988 1365 2036 socialem

69 2058 320 2111 exercitum
363 2062 563 2126 quinque
600 2063 740 2110 millia
776 2062 1010 2126 peditum,
1042 2064 1092 2110 &
1134 2072 1366 2109 trecentos

69 2135 273 2197 equites,
309 2136 530 2199 imperare
572 2137 704 2184 sociis
739 2135 851 2199 juffi.
898 2138 1001 2184 Hoc
1038 2137 1276 2200 copiarum
1301 2137 1365 2184 sin

68 2207 300 2271 Hispanias
326 2228 430 2258 cum
452 2212 724 2274 praetoribus
759 2212 899 2258 novis
925 2223 1152 2274 portatum
1188 2211 1264 2258 est.

133 2284 262 2331 XIX.
295 2285 468 2331 Eodem
485 2301 636 2340 anno,
658 2285 763 2348 quia
788 2302 867 2348 per
887 2284 1247 2348 recogn-itionem
1270 2286 1362 2330 Po-

25 2352 31 2365 '
67 2353 217 2401 flumii
254 2356 456 2404 consulis
491 2375 651 2422 magna
686 2375 788 2421 pars
815 2359 911 2423 agri
947 2357 1197 2418 Campani,
1229 2373 1361 2418 quem

66 2427 235 2490 privati
264 2428 353 2475 fine
374 2430 629 2477 discrimine
659 2432 810 2492 paffim
839 2432 1147 2494 possederant,
1170 2446 1364 2491 recupe-

67 2509 161 2546 rata
179 2499 223 2547 in
251 2500 485 2566 publicum
512 2514 636 2560 erat,
652 2505 714 2549 M.
735 2505 968 2551 Lucretius
989 2502 1201 2551 tribunus>
1218 2501 1364 2566 plebis

1008 2571 1104 2636 33
