1673 3052
323 165 862 244 HISTORIAR'UM
895 195 1008 247 ΠΒ.
1042 195 1187 244 XLV.
1304 209 1398 246 201'

119 302 367 366 ampliffima
391 306 619 365 accepimus
647 322 675 349 a
703 307 836 351 vobis.
867 307 941 361 Si,
967 323 1053 366 quae
1070 306 1196 373 vestra
1219 306 1402 374 nunc'est

105 375 286 434 fortuna
315 377 462 422 Deum
491 378 738 438 benignitate
769 375 811 424 δ’
838 381 985 424 virtute
1015 379 1162 443 vestra,
1183 399 1229 425 ea
1260 382 1399 441 Persei

107 448 281 513 fuiſjet,
313 447 357 496 G*
379 453 554 511 praemia
576 454 752 511 petitum
781 455 841 498 ad
868 453 1055 498 victorem
1081 471 1207 514 regem
1233 453 1403 517 veniffe->

116 539 210 566 mus
242 525 287 567 in
320 526 640 580 Macedoniam,
662 527 767 585 quid
793 528 958 570 tandem
983 527 1236 572 diceremus?
1266 529 1402 576 Pecu-'v

115 595 241 641 niane
259 613 287 639 a
302 596 424 640 nobis
443 597 662 655 adjutum,
681 615 738 642 an
745 595 962 654 frumento
971 598 996 642 ἓ
1014 599 1195 642 auxiliis
1214 599 1401 666 terrestri-

118 666 220 723 bus,
238 685 294 712 an
319 671 542 714 navalibus
555 671 580 714 ἓ
609 671 720 729 quod
728 669 965 734 prcesidium
995 668 1165 732 tenuzſje
1190 688 1267 717 nos
1282 673 1307 716 ‚³
1328 674 1401 717 ubi

111 738 316 801 pugnaffe
330 774 342 794 ,
364 757 439 786 aut
447 741 528 803 sub
547 744 662 786 illius
687 744 880 799 ducibus,
903 759 979 788 aut
996 761 1072 802 per
1087 761 1164 788 nos
1185 744 1331 804 ipsos?
1347 750 1380 790 S
1384 746 1402 789 i

118 828 327 870 quaereret,
347 815 419 858 ubi
438 817 554 859 miles
575 815 730 878 noster,
748 817 820 860 ubi
835 818 959 860 navis
979 818 1089 861 intra
1106 817 1403 880 prcesidiafita

108 881 258 944 suiffet
268 902 288 940 ;
306 887 409 944 quid
420 887 749 945 >responderemus
762 889 787 931 ἓ
802 888 980 947 Causam
989 886 1167 950 fortaffe
1182 891 1403 934 diceremus

118 959 236 1016 apud
252 957 437 1001 vic‘lorem
456 993 466 1010 ,
491 962 835 1018 quemadmodum
864 963 979 1020 apud
994 978 1068 1005 vos
1095 964 1285 1006 dicimus.
1304 963 1402 1008 Hoc

117 1029 225 1074 enim
240 1063 254 1086 ,
274 1031 427 1092 legatos
458 1048 626 1090 utroque
652 1034 700 1077 de
722 1050 824 1091 pace
851 1035 1078 1089 mittendo,
1096 1033 1299 1092 consecuti
1315 1034 1361 1093 fi
1378 1045 1403 1071 -i

115 1119 232 1156 mus,
249 1118 297 1147 ut
310 1121 360 1147 ne
376 1105 429 1148 ab
445 1120 615 1164 utraque
626 1121 744 1164 parte
758 1107 938 1166 gratiam
956 1107 1154 1151 iniremus
1164 1125 1181 1161 ,·
1202 1109 1254 1151 ab
1274 1110 1401 1152 altera

115 1179 238 1222 etiam
258 1180 407 1223 crimen
426 1176 469 1223 δ’
480 1182 708 1239 periculum
729 1178 827 1243 efflt.
850 1183 1105 1242 Quanquam
1128 1184 1299 1243 Perseus
1316 1203 1403 1230 vere

116 1246 333 1303 objiceret,
365 1251 412 1294 id
428 1254 542 1309 quod
570 1269 644 1297 vos
665 1270 750 1297 non
771 1253 965 1316 potestis,
994 1255 1142 1299 Patres
1165 1256 1402 1316 conscripti,

117 1337 196 1366 nos
218 1324 429 1380 principio
458 1324 552 1367 belli
579 1323 723 1387 'Wstffi
751 1328 812 1370 ad
839 1344 913 1371 vos
943 1331 1124 1387 legatos,
1146 1331 1216 1389 qui
1228 1333 1404 1389 pollice-

117 1409 254 1440 rentur
280 1396 425 1449 vobis,
449 1412 532 1454 quae
569 1399 628 1440 ad
650 1400 794 1441 bellum
829 1416 932 1457 opus
965 1398 1082 1462 efflent
1094 1419 1114 1456 ;
1141 1404 1367 1447 navalibus
1385 1436 1404 1458 ‚

116 1469 262 1521 armis,
277 1465 492 1520 juventute
508 1468 782 1533 nostra,ſscut
795 1472 1008 1529 prioribus
1026 1475 1164 1530 bellis,
1182 1478 1243 1520 ad
1259 1477 1403 1520 omnia

111 1554 286 1601 paratos
292 1538 400 1597 fore.
422 1541 488 1584 Ne
498 1542 778 1605 proestatemus
791 1577 802 1596 ‚
815 1561 892 1602 per
908 1562 983 1589 vos
987 1546 1126 1609 stetit,
1145 1550 1218 1606 qui
1234 1550 1284 1593 de
1301 1567 1403 1608 qua-

116 1631 268 1673 cunque
297 1613 421 1672 causa
442 1629 531 1658 tum
548 1615 759 1674 aspernati
788 1618 923 1682 nostra
952 1622 1120 1664 auxilia
1144 1621 1246 1683 estis.
1264 1624 1404 1681 Neque

37 1749 41 1752 .
105 1683 286 1743 fecimus
315 1685 448 1745 igitur
477 1688 702 1746 quidquam
729 1705 927 1748 tanquam
950 1692 1098 1755 hostes,
1116 1711 1241 1752 neque
1269 1695 1404 1737 bono·-

115 1774 206 1803 rum
226 1757 437 1815 sociorum
473 1758 682 1816 defuimus
715 1761 850 1822 officio
866 1763 976 1822 ;sea'
1001 1782 1027 1807 a
1057 1766 1174 1809 vobis
1196 1767 1406 1824 prohibiti

107 1829 294 1894 praestare
307 1829 490 1886 fuimus.
514 1832 633 1891 Quid
664 1835 827 1894 igitur?
846 1838 1003 1880 nihilne
1012 1834 1178 1893 fac‘lum
1195 1856 1318 1898 neque
1336 1840 1383 1882 di
1389 1860 1403 1876 ν

117 1901 220 1946 Hum
248 1904 301 1968 esi
327 1907 372 1949 in
390 1908 552 1951 civitate
583 1909 736 1974 vestra,
756 1912 917 1955 Rhodii
930 1946 943 1965 ,
968 1914 1082 1970 quod
1106 1914 1294 1968 nolletis,
1321 1930 1401 1972 quo

115 1978 258 2021 merito
284 1976 548 2040 offenderetur
565 1988 751 2042 populus
773 1986 1026 2030 Romanus?
1047 1986 1166 2030 Hinc
1179 1984 1275 2041 jam
1296 2003 1404 2041 non,

116 2053 229 2109 quod
241 2051 406 2108 fac‘lum
431 2056 499 2119 est,
519 2056 759 2117 defiensurus
778 2059 901 2119 sum„
925 2060 1034 2119 (non
1061 2063 1165 2105 adeo
1198 2059 1398 2120 insanio)

102 2122 187 2182 fid
216 2126 426 2183 publicam
459 2130 629 2189 causam
661 2150 687 2176 a
713 2135 976 2192 privatorum
1011 2137 1132 2194 culpa
1155 2134 1401 2194 segregatu-

114 2213 198 2243 rus.
216 2199 351 2244 Nulla
376 2203 482 2246 enim
513 2202 564 2267 ψ’
589 2205 761 2262 civitas,
781 2223 866 2265 quae
896 2224 981 2251 non
1006 2204 1047 2252 δ’
1067 2208 1274 2266 improbos
1293 2208 1400 2251 cives

115 2271 368 2328 aliquando,
391 2271 434 2318 δ’
461 2275 690 2335 imperitam
725 2280 1030 2324 multitudinem
1049 2280 1213 2339 semper
1238 2281 1400 2325 lzabeat.

113 2343 264 2387 Etiam
290 2349 407 2403 apud
422 2366 495 2393 vos
513 2347 641 2411 fitiſje
661 2353 831 2407 audivi,
852 2355 923 2411 qui
943 2350 1182 2415 aſjentando
1208 2353 1400 2397 multitu-

116 2417 212 2463 dini
225 2418 529 2480 graffarentur:
547 2421 785 2486 &seceffiſje
802 2430 1031 2487 aliquando
1050 2447 1076 2472 a
1092 2423 1208 2473 vobis
1213 2429 1398 2487 plebem,

116 2508 186 2539 uec
206 2494 251 2538 in
263 2494 458 2562 potestate
481 2498 606 2565 vestra
623 2501 911 2560 rempublicam
929 2499 1075 2565 fiuffiz.
1092 2503 1126 2545 S
1130 2501 1146 2545 i
1166 2502 1240 2547 lzoc
1256 2504 1301 2548 in
1320 2502 1397 2547 hae
