1673 3052
318 188 414 235 410
480 140 1544 228 JO.FRE1NSHEMHSUPPLEM.·

319 295 395 333 que
419 290 564 322 temere
586 281 710 322 sumta
735 282 818 334 spes
844 291 947 332 erat,
972 284 1077 335 quod
1100 285 1184 336 post
1207 284 1410 325 infelicem
1434 298 1609 339 pugnam·

319 344 449 383 multis
462 346 541 394 jam
559 344 788 396 displicebat
802 346 948 387 bellum
959 378 969 395 ,
987 347 1190 399 positisque
1205 349 1318 401 armis
1333 379 1345 398 ,
1359 349 1480 400 parati
1502 357 1611 390 erant

318 419 386 458 per
413 408 659 448 conditiones
683 410 897 461 transigere.
931 410 1007 449 Sed
1039 409 1132 448 vicit
1160 411 1252 450 Diaei
1281 411 1424 459 factio,
1451 411 1519 462 qui
1540 411 1607 451 diu

316 475 429 516 ante,
450 482 546 519 quos
560 479 744 512 venturos
766 480 948 519 noverat,
968 480 1150 522 tanquam
1165 472 1335 513 fautores
1353 473 1520 512 hostium
1543 485 1608 512 ca-

318 529 552 580 lumniatus,
573 533 775 584 postquam
792 532 997 581 accessere,
1020 534 1280 576 multitudinis
1300 536 1396 576 odio
1414 536 1611 575 temeritao

317 593 426 643 tique
448 594 606 644 objecit.
649 595 913 648 comprehensi
937 596 1054 647 igitur
1076 597 1222 646 statim,
1243 599 1280 638 &
1304 610 1395 639 cum
1415 599 1524 638 omni
1547 611 1610 649 ge-

317 667 410 695 nere
434 656 761 698 contumeliarum
786 659 829 697 in
850 657 1007 698 vincula
1028 659 1126 709 rapti
1152 658 1255 701 sunt.

373 728 447 769 IX.
479 729 558 771 Sub
580 729 682 770 idem
703 731 828 771 ferme
851 741 1006 783 tempus
1033 732 1148 770 etiam
1171 730 1282 772 Philo
1306 729 1506 773 Thefl‘alus
1528 729 1611 773 (ἕθ-Υ

318 788 487 829 rinthum
515 791 552 830 fe
575 791 761 842 contulit,
787 793 887 833 adeo
908 792 1106 833 manifesta
1129 792 1259 833 salutis
1281 805 1415 832 eorum
1437 805 1546 841 cura,
1567 800 1611 832 ut

319 851 462 892 multos
492 854 571 903 jam
599 855 832 896 Achaeorum
865 853 1046 894 flecteret.
1082 854 1139 895 Ex
1165 855 1308 906 quibus
1335 855 1496 896 Stratius
1521 855 1606 896 Tri-

317 915 461 954 taeensis
489 924 626 966 praeter
652 925 818 961 ceteram
855 915 1081 966 dignitatem
1110 924 1220 956 aetate
1246 930 1401 969 quoque
1430 929 1611 957 reveren-

321 976 416 1024 dus,
444 976 594 1017 Diaeum
617 977 801 1029 amplexu
825 977 1096 1028 blanditiisque
1121 979 1304 1030 rogabat,
1324 992 1364 1018 ιιι
1395 980 1609 1018 conditioni-

318 1037 384 1075 bus
403 1054 426 1075 a
444 1040 606 1077 Romano
627 1041 813 1093 propositis
836 1039 1060 1091 affintiretur.
1092 1044 1141 1081 At
1168 1039 1314 1080 confilii
1335 1041 1528 1092 principes
1546 1053 1613 1079 ne-

316 1113 395 1150 que
415 1101 645 1151 rationibus,
663 1115 789 1151 neque
809 1115 922 1152 prece
937 1101 1216 1142 movebantur:
1244 1101 1444 1152 desperata
1463 1102 1510 1142 ab
1537 1102 1612 1142 Ro-

320 1164 443 1203 manis
469 1163 610 1212 salute,
634 1179 729 1215 quos
757 1166 924 1204 atrocius
959 1164 1162 1204 offendisse
1193 1163 1401 1212 rebantur,
1431 1177 1548 1215 quam
1569 1169 1612 1202 ut

320 1224 531 1276 exspeetari
562 1225 674 1264 venia
698 1225 832 1276 poffet.
864 1239 990 1276 neque
1022 1235 1150 1265 tamen
1181 1227 1229 1266 ad
1257 1225 1403 1264 exitum
1426 1225 1514 1263 viris
1545 1224 1610 1263 di-

319 1300 440 1339 gnum
466 1287 502 1326 se
527 1288 734 1338 parabant,
762 1295 827 1328 aut
858 1287 1068 1337 quidquam
1098 1286 1378 1336 moliebantur,
1401 1285 1507 1336 quod
1534 1283 1613 1323 ho-

322 1350 491 1389 minibus
515 1349 642 1400 gloriae
658 1350 887 1400 imperiique
908 1348 1058 1399 cupidis
1077 1349 1239 1399 dignum
1258 1347 1363 1388 esset.
1385 1360 1463 1387 non
1480 1355 1611 1386 tamen
1656 1370 1659 1375 «

323 1411 526 1451 mirabitur
551 1411 736 1450 vilitatem
768 1413 803 1450 ἃ
841 1409 1048 1449 amentiam
1086 1408 1311 1458 hominum,
1335 1409 1500 1460 quisquis
1525 1421 1612 1453 me-

324 1474 497 1521 minerit,
519 1486 643 1523 neque
665 1472 736 1512 alia
760 1469 913 1511 decreta
934 1471 1018 1511 fieri
1040 1470 1166 1522 poffe,
1188 1484 1305 1522 quam
1326 1470 1449 1511 velint
1464 1469 1613 1510 consili-i

319 1534 470 1586 publici
505 1536 795 1582 moderatores3
830 1547 957 1584 neque
996 1532 1092 1572 alios
1128 1541 1213 1573 tum
1249 1533 1361 1574 fuiffe
1393 1532 1612 1584 principes,

320 1612 436 1650 quam
469 1598 619 1638 Diaeum
650 1602 685 1638 δε
715 1598 1007 1645 Damocritum,
1040 1611 1160 1648 nuper
1193 1596 1362 1646 exsules,
1383 1610 1476 1637 mox
1499 1595 1609 1636 fatali

322 1670 544 1713 temporum
571 1661 835 1713 imprudentia
859 1660 897 1699 in
922 1661 1118 1700 civitatem
1144 1670 1340 1711 receptos,
1364 1672 1527 1710 cumque
1552 1657 1611 1697 his

324 1723 573 1763 Alcamenem
586 1755 597 1772 ‚
623 1726 657 1764 &
672 1722 938 1770 Theodedlem
957 1752 967 1770 ,
992 1723 1026 1762 a&
1042 1721 1331 1771 Archicratem,
1350 1720 1552 1772 prudentia
1569 1731 1615 1759 ac

322 1788 516 1838 probitate
539 1787 636 1827 nihil
658 1788 724 1835 iis,
752 1800 847 1837 quos
871 1787 965 1834 dixi,
990 1786 1278 1836 praestantiores.

379 1851 430 1890 X.
463 1852 525 1891 fit
550 1852 667 1901 igitur
689 1851 887 1889 decretum
912 1863 993 1889 non.
1018 1850 1066 1888 de
1094 1849 1317 1890 Andronida
1342 1849 1461 1888 modo
1484 1850 1520 1888 &
1549 1860 1611 1887 ce-

325 1913 439 1959 teri83
465 1912 529 1952 sed
557 1915 671 1952 etiam
697 1912 902 1953 Sofierates
928 1913 969 1950 in
1000 1923 1192 1951 carcerem
1219 1912 1508 1962 compingitur,
1534 1909 1610 1949 hoc

327 1975 508 2022 crimine,
537 1977 630 2027 quod
650 1990 725 2014 cum
742 1975 900 2027 praetoris
920 1975 1028 2011 vicem
1062 1974 1203 2025 consilio
1227 1973 1402 2025 praeeffit‚
1424 1974 1541 2011 auelor
1563 1972 1612 2010 le-

321 2049 424 2089 gatos
441 2038 491 2075 ad
511 2037 696 2076 sisetcr'lum
722 2038 878 2074 mittendi
894 2035 1007 2087 fiaerit
1019 2067 1029 2083 ‚
1057 2037 1271 2088 omniumque
1291 2037 1399 2089 causiz
1419 2035 1609 2086 malorum,

325 2115 399 2152 quae
424 2100 585 2152 deinceps
616 2099 834 2152 ἱηεὶιίξθεηῑε
856 2099 918 2138 sed
951 2101 987 2138 65
1020 2098 1232 2137 constitutis
1259 2098 1440 2149 postridie
1466 2099 1612 2148 judici-

325 2164 418 2211 bus,
445 2165 749 2204 condemnatum
784 2165 1032 2213 vinctumque
1065 2162 1204 2202 acerbo
1231 2174 1320 2200 cum
1350 2161 1520 2200 cruciatu
1545 2161 1610 2200 in·-

327 2234 561 2266 teremerunt
577 2258 587 2272 ,
613 2226 708 2265 nibil
738 2227 934 2266 elocutum
950 2257 960 2274 ‚
979 2225 1090 2275 quale
1117 2225 1180 2275 ipsi
1204 2223 1419 2263 voluissent.
1450 2223 1611 2274 Lagiuru

324 2300 477 2338 autem,
500 2293 535 2330 ἃ
561 2291 796 2340 Archippum
811 2320 822 2336 ‚
843 2292 877 2328 &a
905 2289 1171 2336 Andronidam
1196 2287 1323 2326 missos
1345 2287 1496 2334 fecere,
1522 2287 1610 2336 quia

321 2352 512 2404 supplicio
537 2352 730 2393 Soficracis
752 2351 936 2391 irritatam
953 2350 1245 2390 multitudinem
1268 2347 1481 2390 senserant:
1500 2345 1608 2387 simul

371 2489 395 2531 S
421 2488 511 2521 vm.
536 2487 654 2532 Polyb.
677 2487 815 2520 Pausan.
843 2487 965 2520 Zonur.
