1673 3052
304 184 366 243 84
598 179 1227 227 ‘T1T1L1V11

301 291 495 340 celerare
513 288 688 353 possent
701 321 714 343 ,
737 285 930 334 Caffium
952 285 1181 333 consulem
1201 321 1215 343 ‚
1234 284 1494 350 ubicunque
1511 285 1590 345 fit,

300 366 648 430 persequantur3
673 359 881 406 nuntient
897 395 911 418 ,
934 376 990 406 ne
1012 359 1179 406 bellum
1211 376 1313 406 cum
1341 359 1430 407 ulla
1458 371 1589 423 gente

301 449 517 492 moveat,
552 433 631 480 nifi
667 449 771 480 cum
797 448 887 494 qua
921 429 1094 478 senatus
1131 432 1370 494 gerendum
1409 430 1590 478 censue·

302 520 384 555 rat.
417 506 569 570 Legati
593 504 641 550 hi
661 502 879 567 profeffi‚
899 504 961 549 M.
984 502 1226 573 Co‘rnelius
1244 504 1496 568 Cethegus,
1524 505 1588 549 M.

302 580 516 637 Fulvius,
543 580 590 625 P.
624 577 820 624 Marcius
849 578 961 622 Rex.
994 577 1142 622 Metus
1163 576 1216 622 de
1241 576 1426 624 consule
1454 589 1590 639 atque

303 655 507 703 exercitu
546 651 713 699 distulit
749 668 805 698 eo
842 663 1046 713 tempore
1082 649 1337 697 muniendae
1373 649 1591 715 Aquilejae

305 744 474 777 curam.

370 805 422 848 11.
449 797 673 862 Hispaniae
700 796 860 844 deinde
886 795 1119 860 utriusque
1146 794 1280 860 legati
1302 795 1478 860 aliquot
1503 814 1592 860 po-

305 874 520 939 pulorum
542 872 588 919 in
607 871 803 917 senatum
824 868 1084 917 introdufti.
1103 867 1160 926 Ii,
1183 868 1235 915 de
1256 868 1592 933 magistratuum

302 948 623 995 Romanorum
661 942 846 990 avaritia
884 940 1175 1005 superbiaque
1213 940 1477 1004 conquesti,
1510 942 1591 989 nisi

302 1018 492 1084 genibus
527 1017 582 1063 ab
619 1016 771 1063 senatu
803 1016 1054 1079 petierunt,
1085 1031 1141 1061 ne
1174 1014 1215 1062 se
1249 1015 1399 1063 socios
1427 1016 1593 1066 foedius

303 1090 489 1155 spoliari
509 1088 779 1152 vexarique,
801 1105 934 1151 quam
955 1087 1126 1145 hostes,
1146 1088 1386 1150 pati-antur.
1409 1090 1525 1136 Cum
1544 1090 1594 1138 &

303 1165 390 1213 alia
424 1162 606 1226 indigna
629 1174 946 1224 quererentur,
973 1160 1252 1207 manifestum
1283 1172 1430 1207 autem
1462 1161 1596 1219 effet,

303 1237 520 1303 pecunias
548 1249 725 1297 captas3
757 1237 804 1282 L.
833 1233 1059 1294 Canulejo
1087 1233 1300 1296 praetori,
1324 1233 1401 1297 qui
1430 1233 1592 1297 Hispa-

305 1314 426 1361 niam
454 1310 634 1358 sortitus
659 1320 776 1366 erat,
806 1308 1040 1372 negotium
1070 1309 1223 1354 datum
1249 1308 1411 1366 est‚-ut
1431 1309 1477 1361 in
1504 1309 1594 1357 fin-

305 1388 438 1452 gulos
453 1422 466 1442 ‚
488 1401 512 1431 a
538 1384 701 1448 quibus
724 1382 910 1445 Hispani
935 1380 1147 1444 pecunias
1176 1394 1406 1443 peterent,
1427 1381 1594 1444 quinos

306 1470 646 1522 recuperatores
667 1472 722 1502 ex
743 1455 901 1502 ordine
931 1453 1157 1500 senatorio
1182 1453 1334 1510 daret,
1357 1454 1594 1515 patronos·

305 1550 414 1598 que,
433 1547 548 1595 quos
570 1529 741 1577 vellent
755 1565 768 1586 ‚
789 1526 991 1575 sumendi
1010 1525 1273 1589 potestatem
1293 1525 1472 1574 faceret.
1492 1529 1593 1574 Vo-

305 1606 417 1654 catis
438 1604 483 1650 in
507 1603 678 1651 curiam
707 1602 861 1665 legatis
892 1601 1128 1648 recitatum
1154 1597 1214 1645 est
1242 1597 1594 1647 senatusconsul-

305 1691 403 1727 tum
420 1714 433 1735 ,
454 1676 637 1739 juffique
666 1675 900 1722 nominare
933 1685 1151 1736 patronos
1175 1690 1184 1718 :
1210 1664 1403 1734 quatuor
1438 1672 1593 1719 nomi-

307 1763 556 1809 naverunt,
581 1751 643 1796 M.
665 1747 872 1795 Porcium
889 1746 1137 1799 Catonem,
1159 1744 1205 1790 P.
1226 1743 1490 1790 Cornelium
1506 1745 1594 1793 Cn.

307 1829 354 1874 F.
383 1823 669 1886 Scipionem,
692 1823 738 1867 L.
761 1818 989 1866 AEmilium
1019 1819 1065 1863 L.
1095 1819 1139 1862 F.
1160 1816 1362 1864 Paullum
1377 1852 1392 1874 ‚
1415 1818 1469 1863 C.
1489 1818 1593 1864 Sul-

306 1897 475 1960 picium
498 1893 694 1941 Gallum.
715 1893 830 1939 Cum
853 1891 915 1936 M.
934 1888 1114 1936 Titinio
1136 1889 1330 1950 primum
1345 1924 1359 1947 ‚
1385 1888 1461 1951 qui
1482 1906 1594 1952 prae-

307 1983 383 2016 tor
411 1971 463 2015 A.
495 1966 697 2022 Manlio,
719 1967 783 2012 M.
820 1964 955 2012 Junio
1003 1961 1263 2009 consulibus
1298 1962 1344 2007 in
1381 1962 1593 2010 citeriore

308 2040 523 2104 Hispania
553 2038 725 2094 fuerat,
751 2049 1088 2099 recuperatores
1117 2035 1375 2082 sumserunt.
1404 2037 1476 2091 Bis
1495 2053 1592 2083 am·

306 2116 488 2178 pliatus,
506 2113 640 2159 tertio
657 2111 883 2158 absolutus
901 2109 961 2156 est
981 2126 1093 2156 reus.
1114 2109 1337 2156 Diffenfio
1359 2110 1474 2159 inter
1489 2110 1594 2157 dua-
1666 2171 1667 2174 Ἰ

308 2205 405 2234 rum
428 2185 770 2249 provinciarum
790 2184 956 2245 legatos
974 2181 1035 2228 est·
1053 2191 1148 2227 orta
1170 2200 1180 2227 :
1199 2181 1420 2229 citerioris
1438 2182 1592 2245 Hispa-

308 2260 394 2306 niae
419 2257 575 2320 populi
595 2258 656 2303 M.
679 2257 901 2301 Catonem
921 2255 970 2299 &
989 2253 1278 2315 Scipionem3
1300 2254 1524 2300 ulterioris
1542 2256 1592 2302 L.

307 2329 513 2376 Paullum
535 2330 584 2375 &
605 2327 785 2373 Gallum
812 2324 1062 2387 Sulpicium
1091 2337 1311 2387 patronos
1332 2325 1590 2375 sumserunt.

311 2404 381 2450 Ad
404 2414 739 2463 recuperatores
771 2398 947 2445 adtluffl
975 2415 998 2444 a
1029 2398 1312 2445 citerioribus
1332 2399 1513 2461 populis
1542 2401 1588 2446 P.

311 2474 467 2521 Furius
487 2473 662 2534 Philus,
684 2472 735 2518 ab
758 2470 1048 2518 ulterioribus
1069 2471 1131 2519 M.
1153 2470 1394 2519 Matienus.
1420 2470 1496 2518 me
1516 2470 1590 2533 Sp.

1665 2906 1673 2998 ⁴3²*-
