1673 3052
310 197 393 244 1N
427 194 1171 243 LOC.L113.XLV1L1V.
1315 209 1408 256 247

114 305 166 346 cie
188 305 378 360 legationis
399 305 452 343 ad
474 303 618 356 consilia
646 318 760 357 regum
787 304 1006 358 exploranda
1028 302 1218 357 proficisci.
1263 302 1410 343 Obten-

116 367 308 408 debantur
336 381 392 405 res
419 367 563 406 Graeciae
584 365 707 420 paffim
738 367 876 406 interna
907 365 1085 419 discordia
1111 364 1337 416 dffdffltl'st
1375 366 1410 405 δ’

114 430 342 481 controversia
364 427 770 482 Megalopolitanorum,
792 427 855 480 qui
879 442 954 465 cum
975 426 1246 466 Lacedaemoniis
1271 428 1312 465 de
1333 429 1410 481 agri

107 505 211 546 parte
235 491 488 545 disceptabant.
520 492 564 530 In
581 505 623 530 ea
642 491 817 544 legatione
842 490 883 529 C.
904 489 1101 542 Sulpicium
1125 490 1234 528 multa
1258 490 1409 543 infhlen„

112 567 165 593 ter
177 554 318 607 ficff,
335 553 455 593 Graeci
482 552 684 604 scriptores
714 560 892 603 arguunt.
921 553 1020 590 Nam
1050 553 1085 591 62
1107 552 1339 604 cognitionem
1369 555 1410 591 dc

108 617 249 669 finibus
263 617 353 655 inter
366 616 527 668 Argivos
543 616 821 669 Spartanosque,
836 614 1008 667 Philippo
1023 616 1210 666 quondam,
1225 617 1284 666 qui
1296 617 1335 654 A
1339 616 1410 653 lex-

113 681 263 718 andrum
273 679 410 733 genuit‚
426 678 674 732 a'ifieptatam,
695 679 745 716 ad
765 676 988 717 Callicratem
1008 677 1176 730 impurum
1192 677 1410 731 invisumque

111 742 178 781 toti
208 742 348 780 Graeciae
367 741 537 779 hominem
559 739 704 792 rejeciffe
730 755 741 778 .·
768 740 803 779 δ’
830 739 974 778 AEtolis
1002 753 1025 776 a
1054 739 1253 788 Pleurone,
1276 742 1335 792 qui
1351 741 1409 793 ft.

108 802 217 858 jungi
241 819 265 842 a
286 801 436 842 concilio
451 802 609 841 Achaico
628 802 836 856 cupiebant,
852 800 1049 853 induffiffi,
1064 812 1103 839 ut
1117 800 1186 854 fito
1206 802 1343 840 nomine
1361 802 1410 842 le-

111 878 217 919 gatos
231 866 381 904 Romam
399 865 580 903 mitterent.
612 865 710 904 Sane
731 863 878 903 senatui
896 862 1090 914 placebat,
1110 864 1268 903 imminui
1284 877 1408 918 poten-

110 928 196 967 tiam
220 929 428 968 Aclzaeorum
443 958 455 976 ,
479 926 696 981 spiritusque
717 926 843 981 frangi
863 943 874 966 .·
907 936 1144 979 quapropter
1176 931 1211 969 ἃ.
1238 929 1378 969 AEtolis
1395 961 1405 979 ,

110 990 218 1042 quod
244 990 461 1041 petierunt,
488 989 708 1028 concessum
728 990 802 1039 est;
830 992 865 1030 &
883 991 926 1031 C.
941 991 1136 1042 Sulpicius
1158 992 1315 1032 occulto
1336 994 1406 1034 Pa-

111 1048 214 1091 trum
238 1051 423 1091 mandato
449 1064 598 1091 morem
625 1064 782 1102 gerens,
807 1051 899 1092 alias
924 1066 1081 1104 quoque
1104 1055 1278 1093 civitates
1293 1086 1304 1100 ,
1321 1068 1404 1106 quae

109 1113 285 1155 Achaicae
320 1113 498 1154 formulae
522 1121 648 1164 erant,
673 1115 722 1155 ab
747 1128 794 1154 eo
824 1115 974 1156 foedere
1005 1117 1207 1157 diffociare
1230 1118 1405 1159 instituit.

105 1175 246 1226 Neque
276 1174 425 1214 minore
447 1175 630 1227 deinceps
654 1176 865 1217 acerbitate
892 1180 1076 1218 tractatus
1106 1179 1159 1218 est
1184 1180 1375 1225 Eumenes
1392 1212 1404 1230 ,

105 1247 198 1275 cum
223 1236 328 1275 idem
354 1235 419 1276 ille
437 1235 484 1277 C.
512 1236 704 1288 Sulpicius
731 1238 771 1277 in
793 1239 918 1279 Asiam
942 1241 1205 1290 transtciffet.
1247 1256 1317 1293 per
1342 1255 1404 1282 ce-

103 1297 330 1338 leberrimas
365 1299 470 1338 enim
497 1299 589 1339 Asiae
619 1300 733 1340 urbes
761 1301 888 1341 edicta
923 1301 1076 1354 legatus
1111 1304 1340 1355 proposuit,
1365 1317 1405 1344 ut

108 1360 236 1414 quibus
257 1361 299 1399 de
323 1361 478 1399 Eumene
504 1362 600 1414 queri
623 1364 791 1402 decretum
819 1364 897 1416 effet
909 1395 923 1412 ‚
943 1366 1032 1403 diflo
1057 1366 1113 1404 die
1137 1368 1266 1406 Sardis
1288 1383 1404 1407 occur-

105 1434 228 1461 rerent.
260 1422 351 1472 Quo
377 1422 444 1462 ubi
469 1423 650 1473 venisset,
677 1425 801 1476 posito
821 1427 924 1477 apud
940 1427 1181 1479 gymnasium
1201 1428 1402 1481 tribunali,

105 1483 340 1523 decendium
364 1484 534 1525 solidum
555 1487 762 1530 audiendis
791 1488 970 1529 adversus
994 1502 1124 1542 regem
1148 1492 1310 1542 querelis
1340 1507 1404 1534 va-

104 1546 230 1587 cavit:
261 1548 437 1587 convicia
464 1549 505 1587 in
534 1549 648 1589 illum
678 1550 896 1602 probraque
923 1560 1004 1592 tam
1031 1554 1144 1593 avide
1167 1554 1403 1606 suscipiens,

102 1617 148 1649 ut
171 1609 332 1650 invitare
346 1610 586 1652 accusatores
613 1643 626 1660 ,
644 1615 680 1653 ἅ
698 1613 884 1653 desiderio
898 1627 1005 1654 reum
1022 1615 1196 1656 faciundi
1214 1616 1406 1667 quidlibet

101 1674 144 1712 in
176 1674 322 1713 crimen
355 1674 507 1715 trahere
536 1676 762 1719 videretur:
796 1690 915 1717 vanus
944 1678 1124 1729 ingenio,
1154 1681 1190 1719 ἃ
1216 1692 1265 1719 ex
1292 1679 1402 1720 claris

102 1735 318 1776 inimicitiis
345 1738 551 1778 constantis
583 1739 703 1778 animi
733 1739 881 1779 famam
907 1750 1110 1791 appetens.

165 1800 276 1858 XXI.
308 1801 408 1842 Cum
432 1800 499 1841 hic
519 1802 767 1842 Afiaticarum
800 1816 927 1842 rerum
960 1804 1075 1844 status
1095 1804 1208 1855 esset,
1229 1805 1269 1845 in
1286 1806 1401 1859 AEg3-

99 1871 170 1915 pto
190 1864 387 1904 Ptolemaei
410 1865 546 1905 fratres
571 1866 713 1905 iterum
731 1866 976 1906 aemulatione
1008 1869 1044 1907 δε
1065 1867 1266 1909 discordiis
1294 1882 1403 1910 exar-

98 1925 194 1965 sere.
234 1926 399 1966 validior
428 1935 514 1966 tum
543 1928 707 1978 junioris
734 1928 876 1978 factio,
902 1927 1229 1978 Philometorem‚
1258 1943 1403 1982 cogno-

100 2001 194 2028 men
227 1988 269 2029 id
301 1989 439 2038 majori
465 1989 568 2039 suit,
595 2003 714 2042 regno
743 1989 921 2041 pulsum,
948 1990 997 2030 ad
1026 1991 1237 2041 petendam
1267 1962 1330 2031 abo
1348 1991 1401 2031 se-

99 2059 195 2089 natu
218 2063 335 2101 opem
355 2050 523 2091 Romam
543 2050 797 2102 compulerat.
823 2051 957 2091 Paucis
984 2051 1188 2091 comitatus
1205 2052 1331 2102 servis,
1349 2067 1397 2093 ex

99 2112 293 2164 praesentis
324 2114 488 2155 fortunae
511 2114 690 2166 squalore
717 2114 839 2166 pedes
862 2116 912 2155 ad
936 2114 1073 2155 urbem
1102 2115 1271 2155 faciebat
1297 2117 1399 2164 iter,

100 2187 190 2214 cum
223 2176 440 2217 Demetrius
476 2178 625 2219 Seleuci
658 2178 699 2218 F.
727 2179 792 2230 qui
817 2178 928 2218 obses
953 2179 1066 2231 Syriae
1099 2193 1232 2230 regum
1262 2180 1396 2220 Romae

99 2234 298 2285 haerebat,
325 2251 365 2277 re
396 2241 554 2291 cognita
591 2239 748 2279 obviam
783 2241 980 2291 profectus
1015 2241 1090 2289 est,
1127 2241 1397 2292 familiamque

97 2296 205 2337 suam
235 2300 270 2339 &
299 2311 387 2339 cum
414 2301 633 2341 diademate
664 2314 709 2341 ac
736 2303 838 2342 veste
865 2304 967 2355 regia
994 2316 1137 2353 equum
1160 2304 1302 2342 eximie
1328 2317 1397 2342 or-

99 2370 235 2400 natum
265 2361 432 2411 obtulit,
459 2377 509 2403 ne
532 2364 611 2404 loci
642 2363 698 2403 sui
722 2364 958 2414 majestatem
989 2365 1144 2405 sordido
1171 2365 1280 2404 cultu
1310 2380 1398 2416 pro-

97 2420 236 2462 didisse
257 2422 381 2473 visus,
412 2437 433 2464 a
460 2424 645 2465 Romanis
675 2426 870 2478 despectui
900 2428 1117 2469 haberetur.
1153 2431 1202 2470 At
1228 2429 1292 2469 ille
1319 2430 1395 2470 De-

143 2530 166 2574 §
191 2530 270 2566 XX.
296 2531 436 2567 Pausan,
462 2536 486 2569 1.
503 2546 522 2569 2
542 2534 575 2568 ὅ(
597 2546 629 2576 7.
668 2535 788 2581 Polyb.
812 2549 864 2582 ap.
887 2537 1004 2574 vales.

1018 2595 1130 2655 Q4
