1673 3052
280 190 821 240 HISTORIARUM
856 191 974 238 LIB.
1008 189 1173 239 XLIV.
1282 205 1365 256 145

149 299 342 347 XXVII.
375 297 630 361 Apparebat
647 297 694 343 in
715 298 928 347 omnibus
945 332 958 355 ,
981 298 1231 344 mercedem
1249 299 1370 346 mul-

82 371 288 420 titudinis
307 370 487 428 timere,
507 386 591 416 nec
609 370 849 433 quidquam
865 370 1013 416 aliud:
1033 370 1128 427 sed,
1148 387 1248 417 cum
1270 371 1370 418 sua-

83 446 187 493 dere
213 443 466 493 consulenti
501 460 638 491 nemo
669 445 875 502 auderet,
905 444 1145 492 remittitur
1176 446 1371 510 Antigo-

81 527 198 575 nus,
218 516 294 580 qui
312 515 563 575 nuntiaret,
583 515 780 580 quinque
799 517 990 563 millium
1009 518 1207 580 equitum
1229 536 1371 582 opera

82 602 257 636 tantum
272 588 339 635 uti
358 605 508 651 regem
528 607 540 636 t
561 602 852 637 contemnere
872 590 1202 637 multitudinem
1224 592 1369 641 aliam.

83 661 228 722 Quod
247 660 326 707 ubi
346 660 562 708 audivere
581 661 787 720 barbari,
808 674 1062 709 ceterorum
1081 663 1262 726 quidem
1283 664 1372 711 fre-

81 733 218 781 mitus
245 732 360 791 fuit,
390 732 715 797 indignantium
741 733 781 781 se
810 734 972 782 frustra
994 736 1168 783 excitos
1195 736 1372 786 sedibus

84 807 170 855 suis
185 826 196 855 :
212 807 462 855 Clondicus
481 807 628 854 rursus
645 808 915 872 interrogat,
936 809 1102 873 ecquid
1118 810 1218 873 ipfis
1239 812 1372 875 quin-

85 896 174 945 que
199 879 426 937 millibus,
447 881 572 942 quod
600 881 910 940 convenisset,
935 885 1220 931 numeraret?
1249 886 1373 933 Cum

87 949 299 1001 adversus
322 951 370 996 id
393 967 578 1015 quoque
605 952 780 999 misceri
812 954 1016 1017 ambages
1041 970 1271 1014 cerneret,
1301 957 1376 1003 in-

85 1025 266 1073 violato
298 1022 445 1070 fallaci
475 1024 665 1083 nuntio,
693 1025 852 1089 (quod
877 1026 960 1073 vix
993 1026 1249 1090 speraverat
1280 1030 1374 1093 ipse

84 1099 208 1164 poffe
251 1097 549 1163 contingere)
589 1112 711 1146 retro
758 1101 812 1147 ad
859 1101 1015 1148 Istrum
1030 1136 1044 1159 ,
1082 1105 1374 1166 perpopulati

85 1170 359 1226 Thraciam,
392 1187 479 1233 qua
513 1171 667 1219 vicina
697 1186 790 1219 erat
823 1172 937 1231 viae,
970 1174 1214 1222 redie1·.unt
1252 1178 1375 1236 Quae

85 1260 271 1300 manus,
291 1243 447 1307 quieto
478 1243 653 1291 sedente
679 1261 778 1309 rege
808 1246 861 1292 ad
891 1246 1136 1308 Enipeum,
1166 1249 1376 1298 adversus
1420 1242 1423 1243 ⁷

87 1319 325 1365 Romanos
342 1319 608 1364 Perrhaebiae
628 1318 784 1365 saltum
805 1319 852 1365 in
869 1320 1376 1385 Thessaliamtradufia,

88 1407 186 1438 non
220 1406 349 1454 agros
388 1402 561 1438 tantum
599 1392 768 1437 nudare
806 1392 1070 1454 populando
1107 1396 1256 1458 potuit
1273 1432 1287 1454 ,
1317 1414 1378 1444 ne

88 1480 205 1528 quos
243 1463 347 1510 inde
385 1463 580 1511 Romani
622 1477 900 1510 commeatus
941 1465 1269 1528 exspectarent,
1303 1470 1377 1516 sed

89 1536 201 1600 ipsas
231 1536 490 1584 exscindere
509 1538 668 1596 urbes,
691 1550 870 1584 tenente
892 1539 946 1584 ad
967 1539 1187 1601 Enipeum
1215 1542 1377 1590 Perseo

90 1609 351 1668 Romanos,
374 1627 430 1657 ne
449 1610 634 1657 urbibus
657 1610 789 1658 sociis
809 1611 1025 1674 opitulari
1047 1613 1236 1675 pofl'ent.
1268 1617 1377 1679 Ipfis

91 1699 275 1747 quoque
297 1684 514 1732 Romanis
541 1684 595 1731 de
623 1684 666 1731 se
682 1686 978 1748 cogitandum
999 1685 1143 1733 fuiss‘et
1160 1706 1170 1735 ι
1190 1691 1378 1752 quando

91 1772 240 1818 neque
258 1773 459 1814 manere,
476 1757 624 1803 amiffa
642 1757 861 1805 Thessalia
877 1793 889 1816 ,
909 1758 1027 1804 unde
1043 1760 1265 1809 exercitus
1288 1763 1378 1810 ale-

92 1828 245 1884 batur,
261 1828 527 1890 potuisi‘ent,
548 1845 693 1891 neque
716 1830 959 1894 progredi,
989 1848 1092 1878 cum
1113 1849 1169 1878 ex
1185 1834 1377 1883 adverso

92 1901 230 1949 castra
272 1903 574 1950 Macedonum
606 1905 631 1928 ⁴*
647 1906 706 1928 *⁴*
740 1905 818 1967 qui
849 1921 900 1950 ea
934 1905 1237 1968 pependerant
1271 1907 1378 1970 spe,

93 1975 211 2024 haud
238 1978 527 2026 mediocriter
556 1978 825 2028 debilitavit.
849 1980 1011 2026 Eadem
1039 1981 1225 2028 avaritia
1252 1984 1380 2029 Gen-

94 2049 208 2096 tium
226 2067 375 2114 regem
393 2052 470 2099 sibi
486 2051 712 2100 alienavit.
729 2069 829 2098 nam
843 2089 857 2110 ,
874 2069 979 2099 cum
998 2064 1195 2101 trecenta
1211 2055 1379 2103 talenta

94 2122 225 2170 Pellae
246 2125 379 2172 miffis
400 2143 424 2171 a
440 2126 614 2172 Gentio
635 2127 895 2173 numerafl‘et
911 2163 924 2184 ,
943 2127 1113 2190 {ignare
1133 2144 1212 2174 eos
1242 2145 1382 2189 pecu·

93 2195 215 2242 niam
252 2197 407 2259 paffus.
447 2198 553 2244 lnde
591 2198 744 2244 decem
781 2199 946 2245 talenta
982 2200 1037 2244 ad
1075 2200 1379 2246 Pantauchum

94 2267 243 2325 miffa,
263 2285 402 2332 eaque
422 2269 655 2331 praesentia
675 2270 768 2315 dari
789 2270 881 2333 regi
898 2270 1017 2331 juffit
1034 2289 1044 2317 :
1068 2272 1281 2332 reliquam
1304 2288 1381 2332 pe·

95 2340 296 2398 cuniam,
316 2341 523 2403 lignatam
547 2342 803 2404 lllyriorum
823 2343 976 2405 signo,
996 2344 1278 2405 portantibus
1295 2343 1381 2388 suis

95 2411 320 2476 praecipit,
342 2413 492 2474 parvis
513 2414 748 2463 itineribus
766 2415 1012 2466 veherent:
1038 2415 1170 2473 dein,
1193 2431 1295 2463 cum
1322 2415 1378 2463 ad

107 2494 123 2512 ·
164 2484 217 2534 T.
241 2484 358 2534 Livii
390 2489 490 2537 Vol.
523 2490 569 2538 V
566 2487 630 2539 Il.
1082 2486 1129 2534 K
