1673 3052
285 194 824 242 HISTORIARUM
858 195 976 242 LIB.
1010 196 1168 244 XLIII.
1311 213 1375 262 99

90 301 155 348 les
184 298 231 347 in
251 300 568 347 Macedoniam
597 299 769 364 scriptis
784 339 800 358 ,
826 306 913 359 Ut,
931 307 1002 364 qui
1021 322 1156 350 eorum
1177 305 1223 350 in
1242 306 1375 353 Italia

92 372 234 439 effint,
251 378 361 421 intra
377 377 464 421 dies
483 376 680 437 triginta,
699 375 808 439 censi
812 380 936 435 prius
952 380 1067 437 apud
1071 379 1162 438 sefi
1175 414 1188 436 ,
1206 381 1250 424 irz
1265 399 1373 439 pro-

90 452 275 496 vinciam
298 451 483 495 redirent.
506 452 595 510 ..qui
613 452 659 495 in
669 451 808 510 patris
825 466 901 494 aut
917 454 989 495 avi
1006 454 1203 518 potestate
1223 453 1373 517 efflent,

90 541 228 570 eorum
248 525 426 569 nomina
445 524 568 582 adse
584 525 801 568 ederentur.
823 521 1035 586 Mfflrutn
1055 542 1207 584 quoque
1225 526 1373 587 caustzs

79 597 169 658 fifi
195 585 428 660 ‘cognituros
458 595 528 660 effi
544 615 560 642 .·
581 594 650 655 6³,
670 615 840 658 quorum
859 614 954 643 ante
982 601 1145 644 emerita
1155 600 1372 663 stipendia

87 670 277 730 gratiosa
299 668 430 732 mg'ffio
446 670 535 735 sibi
559 672 651 731 visa
678 669 796 734 ester,
814 689 880 716 eos
905 674 1058 716 milites
1068 671 1374 736 fierijufficros‘.

88 740 196 788 Hoc
227 741 374 788 εάἰξὶο
411 741 638 807 literisque
675 742 910 790 censorum
946 760 1025 806 per
1054 744 1153 789 fora
1180 747 1229 792 δέ
1256 762 1373 793 con-

87 812 300 862 ciliabula
337 815 542 874 dimitiis,
572 827 695 862 tanta
729 815 972 862 multitudo
1005 814 1234 877 juniorum
1271 819 1373 865 Ro-

88 904 209 934 mam
235 889 479 945 convenit,
501 900 549 934 ut
575 889 724 951 gravis
752 888 857 934 urbi
889 888 1015 935 turba
1044 888 1225 936 insolita
1252 892 1373 940 effet.

153 962 259 1007 XV.
279 960 443 1007 Praeter
461 961 676 1008 delefilum
694 977 852 1008 eorum
865 998 879 1020 ‚
898 978 1014 1026 quos
1032 961 1077 1008 in
1096 962 1373 1026 supplemen-

87 1045 185 1080 tum
223 1033 340 1079 mitti
366 1034 633 1096 oportebat,
661 1045 854 1095 quatuor
880 1051 904 1079 a
928 1035 983 1080 C.
1017 1035 1219 1096 Sulpicio
1254 1054 1374 1100 prae-

87 1117 191 1152 tore
219 1105 392 1167 scriptae
423 1104 624 1169 legiones
656 1104 787 1161 sunt,
811 1103 1018 1167 intraque
1049 1106 1260 1152 undecim
1282 1109 1375 1156 dies

85 1177 282 1225 dele&us
313 1177 373 1224 est
401 1176 634 1240 perfeEMs.
667 1177 888 1226 Consules
915 1179 1076 1225 deinde
1098 1179 1242 1227 sortiti
1262 1200 1374 1245 pro-

87 1249 264 1299 vincias
286 1249 402 1297 sunt.
435 1266 537 1298 nam
555 1247 784 1313 ‘praetores
814 1263 1000 1314 propter
1021 1250 1378 1311 iurisdietionem

87 1323 306 1372 maturius
339 1323 484 1371 sortiti
518 1335 655 1371 erant.
690 1324 873 1372 Urbana
909 1327 963 1373 C.
997 1325 1219 1388 Sulpicio,
1245 1345 1378 1389 pere-

83 1399 214 1463 grina
244 1399 300 1446 C.
332 1398 548 1446 Decimio
581 1398 1111 1463 obtigerat‚l-lispaniam
1141 1404 1203 1449 M.
1235 1401 1381 1451 Clau-.-

88 1473 188 1520 dius
217 1473 483 1530 Marcellus,
503 1473 702 1520 Siciliam
732 1475 823 1520 Ser.
853 1474 1098 1522 Cornelius
1132 1477 1376 1537 Lentulu33

87 1545 338 1593 Sardiniam
365 1547 412 1594 P.
445 1546 658 1610 Fontejus
688 1548 881 1610 Capito,
904 1547 1076 1595 claffem
1103 1551 1156 1596 C.
1177 1552 1377 1601 Marcius

86 1620 268 1684 Figulus
286 1631 377 1667 erat
399 1620 593 1669 sortitus.
622 1622 874 1669 Consulum
896 1623 980 1668 Cn.
1002 1622 1193 1671 Servilio
1226 1625 1348 1673 Italia
1362 1662 1381 1686 ,

89 1696 153 1755 Q.
189 1695 367 1743 Marcio
402 1696 671 1744 Macedonia
709 1696 917 1745 obvenit.
950 1697 1207 1762 Latinisque
1243 1700 1379 1759 astis,

90 1765 287 1814 Marcius
323 1769 555 1832 extemplo
593 1769 654 1816 est
687 1768 931 1832 prosperus.
965 1768 1185 1832 Caepione
1217 1772 1380 1820 deinde

90 1839 310 1887 referente
328 1842 384 1888 ad
402 1841 597 1888 senatum
612 1878 625 1900 ‚
643 1859 751 1905 quas
770 1858 823 1888 ex
844 1840 977 1888 novis
996 1840 1249 1905 legionibus
1269 1845 1380 1891 duas

89 1911 290 1975 legiones
326 1911 471 1959 secum
493 1912 538 1958 in
569 1912 764 1959 Galliam
791 1913 1002 1970 duceret,
1027 1911 1268 1961 decrevere
1291 1915 1379 1960 Pa·-

88 1999 202 2043 tres‚
221 1980 271 2032 ht
291 1986 346 2032 C.
377 1985 624 2049 Sulpicius,
648 1986 712 2032 M.
732 1984 950 2032 Claudius
973 1997 1189 2047 praetores
1207 2003 1263 2032 ex
1283 1986 1380 2047 his,

89 2071 198 2118 quas
227 2056 489 2120 scripfiffent
503 2095 515 2116 ,
539 2057 797 2122 legionibus
812 2094 826 2117 ‚
846 2073 954 2120 quas
973 2057 1206 2104 videretur
1223 2095 1236 2117 ,
1261 2076 1380 2107 con-

91 2129 173 2175 suli
189 2129 354 2177 darent.
377 2131 561 2195 Indigne
578 2131 773 2193 patiente
792 2144 1036 2194 praetorum
1058 2130 1245 2179 arbitrio
1267 2150 1380 2180 con·

91 2202 227 2249 sulem
259 2201 497 2265 subjeE‘tum
513 2240 528 2261 ,
550 2203 727 2250 dimiffo
755 2203 909 2249 senatu
925 2239 937 2260 ‚
959 2204 1014 2248 ad
1040 2203 1236 2250 tribunal
1265 2203 1397 2267 prae⁴=⁴

88 2290 243 2324 torum
277 2279 392 2326 stans
424 2279 701 2341 postulavit,
732 2297 788 2327 ex
821 2278 1207 2326 senatusconsulto
1244 2281 1379 2327 desti-

88 2362 247 2396 narent
276 2350 356 2396 fibi
385 2352 492 2397 duas
522 2351 737 2414 legiones.
767 2366 981 2413 praetores
1012 2352 1185 2398 consuli
1215 2353 1261 2398 in
1291 2354 1376 2399 eli-

88 2421 237 2484 gendo
256 2421 488 2468 arbitrium
517 2422 734 2470 fecerunt.
753 2425 963 2471 Senatum
986 2425 1147 2470 deinde
1171 2426 1382 2474 censores

88 2494 321 2558 legerunt:
351 2495 416 2544 M.
442 2496 648 2544 AEmilius
678 2497 871 2560 Lepidus
903 2497 1114 2560 princeps
1150 2498 1205 2544 ab
1238 2499 1380 2549 tertiis

1010 2572 1055 2616 Θ
1095 2586 1119 2616 2.
