1673 3052
291 228 384 278 302
450 212 540 260 JO.
577 209 1078 257 FREINSHEMH
1123 210 1484 260 SUPPLEM:

288 322 372 374 pari
398 321 660 361 Romanorum
683 316 839 364 laetitia,
861 318 895 356 ἃ
911 316 1078 357 hostium
1099 325 1264 367 terrore,
1282 319 1388 369 quod
1407 318 1574 370 ingentis

289 383 459 434 corporis
486 382 636 426 virum,
664 379 840 418 modicus
864 377 944 430 ipse
973 379 1120 420 staturae
1146 380 1354 430 dejecisset.
1394 382 1576 422 Proxima

287 459 367 485 nox
402 455 543 483 vanam
575 442 615 480 in
646 442 772 481 castris
801 441 1099 492 trepidationem
1131 444 1254 482 movit
1284 455 1409 483 errore
1436 443 1576 482 incerti

288 507 496 553 clamoris,
522 505 587 555 qui
612 505 751 556 pariter
775 518 821 544 ex
847 504 942 544 urbe
966 503 1186 555 campisque
1211 504 1425 545 accidebat.
1459 505 1576 555 Equi-

286 576 390 608 tatus
411 566 512 606 enim
528 566 776 604 Vaocaeorum
790 596 800 614 ‚
821 566 904 616 qui,
923 565 992 604 sub
1015 565 1226 604 adventum
1248 563 1399 605 Luculli
1415 563 1575 616 pabula-

287 638 370 669 tum
400 626 586 679 egress'US,
608 626 749 666 deinde
772 626 970 666 hostilium
992 626 1192 676 copiarum
1214 625 1372 676 objectu
1395 626 1574 667 exclusus

286 690 382 730 urbe
407 689 548 736 fuerat,
571 687 704 739 paffim
735 688 966 738 obequitans
991 687 1175 728 altiffimis
1196 688 1356 728 vocibus
1374 688 1579 739 strepebat.'

287 753 351 791 cui
376 763 463 790 cum
486 763 534 789 ex
556 749 650 789 urbe
675 763 741 800 par
762 749 908 789 clamor
924 751 1172 797 redderetur,
1193 750 1475 802 percellebatur
1494 750 1574 790 Ro-

285 826 427 853 manus
453 812 598 852 incerta
623 811 893 860 aestimatione,
918 814 1106 863 quidnam
1132 812 1199 852 fibi
1219 812 1379 864 periculi
1403 811 1576 859 tumultu

286 877 378 926 isto,
407 878 441 916 ἃ
465 875 568 915 unde
590 875 898 925 portenderetur.
926 876 1129 927 Augebant
1147 882 1294 914 metum
1311 873 1487 914 invalidae
1506 874 1576 914 sta-

253 934 261 938 *
288 940 436 986 tiones,
453 937 559 989 quod
577 939 625 976 ad
643 937 823 978 obeunda
838 937 982 978 militia:
1000 940 1153 985 munia,
1171 946 1305 990 praeter
1320 938 1461 977 damna
1476 950 1576 987 proe-

283 1002 453 1050 liorum,
473 1002 588 1040 etiam
614 1000 759 1040 morbis
786 1001 1013 1041 imminutus
1041 1003 1229 1040 exercitus
1259 1006 1351 1040 erat.
1384 998 1575 1040 Carnibus

284 1054 387 1106 enim
407 1075 607 1102 cervorum
624 1061 880 1113 leporumque
896 1064 972 1102 fine
996 1062 1070 1102 sale
1084 1059 1429 1114 vescebantur(sal
1455 1072 1576 1100 omne

284 1130 521 1177 vinumque,
546 1138 634 1164 cum
658 1134 794 1175 aceto,
821 1129 856 1166 δε
879 1127 968 1166 oleo
992 1126 1215 1175 defecerat>
1235 1127 1270 1166 δε
1295 1125 1354 1164 his
1379 1124 1575 1164 alimentis

286 1199 459 1242 coeperat
473 1190 611 1228 tentari
630 1188 794 1228 militum
811 1189 1006 1238 valetudo,
1026 1188 1212 1240 multique
1230 1187 1363 1239 pass'lm
1380 1188 1574 1238 profluvio

283 1256 357 1296 alvi
373 1253 644 1294 moriebantur.
658 1253 755 1302 Ergo
766 1284 777 1301 ‚
794 1253 993 1304 postquam
1013 1252 1202 1292 tumultus
1218 1252 1284 1291 iste
1300 1251 1473 1298 ceffavit,
1490 1259 1573 1291 tan-

282 1327 324 1358 to
349 1316 531 1356 intentius
556 1315 738 1365 operibus
766 1316 897 1356 institit
929 1315 1086 1365 consul,
1110 1314 1375 1367 machinisque
1404 1314 1574 1354 admotis

285 1381 383 1420 muri
409 1377 593 1429 perfregit
619 1384 779 1427 partem.

351 1432 509 1483 xxm.
539 1439 597 1479 lbi
625 1438 754 1478 denuo
782 1439 975 1490 Scipionis
1002 1438 1197 1480 AEmffiani
1223 1439 1427 1491 magnifica
1451 1440 1572 1480 virtus

283 1505 436 1546 enituit.
468 1515 557 1541 nam
574 1501 875 1552 irrumpentibus
892 1502 933 1541 in
948 1501 1083 1541 urbem
1100 1500 1301 1550 militibus,
1317 1501 1410 1552 ipse,
1426 1503 1572 1553 primus

281 1568 459 1609 omnium
488 1564 698 1604 conscenfis
721 1565 939 1614 moenibus,
964 1566 1114 1616 aperuit
1139 1565 1264 1604 viam:
1296 1578 1419 1616 neque
1439 1575 1570 1607 tamen

284 1629 452 1671 obtineri
479 1627 568 1667 urbs
597 1628 749 1677 potuit,
776 1628 990 1678 praevalidis
1017 1641 1178 1667 nurnero
1209 1626 1410 1676 hostibus,
1437 1631 1471 1669 ἃ
1500 1644 1570 1681 pro

282 1695 403 1734 salute
420 1692 483 1732 sua
505 1691 737 1742 suorumque
760 1692 958 1731 fortissime
974 1692 1332 1743 propugnantibus:
1357 1693 1570 1745 repulsique

279 1758 369 1796 sunt
387 1767 476 1794 cum
495 1753 624 1803 aliquo
652 1754 885 1792 detrimento
900 1754 1088 1799 Romani,
1115 1766 1205 1792 cum
1224 1753 1337 1805 super
1359 1767 1425 1794 eos
1438 1785 1450 1804 ‚
1471 1768 1569 1806 quos

279 1817 418 1857 hostile
440 1816 585 1855 ferrum
611 1815 863 1866 absumserat‚
885 1818 999 1856 etiam
1023 1815 1133 1855 multi
1157 1815 1333 1855 locorum
1354 1817 1570 1868 ignorantia

280 1884 319 1920 in
335 1881 575 1920 subterranea
589 1881 763 1930 quaedam
777 1893 957 1930 aquarum
972 1879 1215 1929 receptacula
1232 1878 1348 1930 illapsi
1364 1880 1569 1930 periissent.

279 1946 406 1986 Nocte
423 1941 637 1992 sublapsam
657 1941 754 1981 muri
771 1952 917 1992 partem
934 1942 1066 1980 refecit
1079 1941 1217 1981 hostis:
1241 1941 1444 1993 pluresque
1462 1944 1569 1983 dein-

281 2007 330 2045 de
350 2018 416 2055 per
432 2005 527 2050 dies,
541 2005 709 2054 expertis
726 2004 903 2054 utrinque
917 2016 1005 2042 cum
1023 2005 1165 2043 damno
1183 2003 1344 2053 viribus,
1358 2004 1483 2055 segnis
1498 2007 1568 2047 ob-

280 2069 376 2108 lidio
399 2067 483 2105 fuit.
513 2066 562 2105 Ea
580 2079 638 2105 res
661 2067 831 2116 inopiam
857 2066 966 2105 simul
985 2069 1023 2105 in
1044 2067 1195 2114 castris,
1214 2068 1307 2106 &in
1333 2066 1426 2106 urbe
1442 2071 1565 2109 auxit.

282 2131 388 2182 quod
413 2129 499 2180 quia
523 2130 665 2166 neutris
686 2131 863 2178 ignotum
888 2138 989 2173 erat,
1008 2130 1100 2167 inde
1121 2129 1315 2180 colloquio
1336 2129 1510 2179 initium,
1529 2134 1567 2173 Sc

280 2204 374 2231 mox
392 2189 577 2229 deditioni
596 2189 681 2227 fuit.
700 2190 747 2229 Et
763 2191 917 2240 quando
936 2189 1105 2239 suspecta
1123 2190 1290 2231 barbaris
1303 2190 1565 2232 Lucullifides

280 2262 384 2301 erat,
413 2252 541 2302 Scipio
566 2251 800 2301 spopondit,
827 2253 922 2290 nihil
939 2266 1059 2291 contra
1080 2254 1333 2307 pablizfizfflum
1356 2255 1424 2293 iri:
1453 2268 1565 2294 mox-

282 2327 356 2365 que
377 2314 525 2365 patuit,
549 2313 678 2362 quanti
708 2312 749 2351 sit
776 2312 862 2352 usus
883 2314 1001 2352 etiam
1027 2314 1063 2351 in
1091 2314 1201 2354 bellis
1228 2316 1362 2365 opinio
1387 2316 1534 2365 justitiae
1551 2346 1564 2365 ,

282 2391 365 2428 quae
397 2378 588 2429 probitate
620 2378 907 2427 constantiaque
940 2390 1091 2416 morum
1123 2385 1378 2428 comparatur.
1418 2376 1566 2416 Adole-

281 2440 418 2479 scentis
448 2439 585 2491 privati
617 2440 779 2479 dexterae
807 2441 943 2479 inermi
975 2440 1180 2491 permisere
1216 2439 1364 2479 barbari
1397 2440 1560 2487 urbem,

329 2548 352 2590 ,ς
387 2548 490 2582 ἿΧΙΙ.
513 2548 613 2581 Diod.
635 2560 686 2592 ap.
709 2548 821 2586 Vides.
844 2548 960 2582 Florus
985 2561 1021 2590 2,
1044 2559 1095 2590 17.
1114 2548 1258 2593 Appiam.
1275 2549 1441 2592 Velleius.
1466 2557 1564 2590 1,12.
