1673 3052
236 158 331 209 κει
395 156 1032 208 JO.÷FREINSHE.M11
1074 157 1439 216 SUPPLEMs-
1483 161 1497 202 1

235 280 374 321 parum
390 279 451 306 rex
455 278 565 305 erens
578 264 799 313 videretur
809 272 966 307 notatus
987 265 1057 308 isse
1069 265 1124 307 est
1137 272 1167 308 a‘
1183 265 1431 316 censoriffbus
1443 279 1540 306 κτα,

235 329 390 380 ῐὶυῑςυε
417 329 554 368 factus

305 391 377 432 ΙΙΙ.
423 389 682 442 Horologium
712 403 859 432 novum
881 391 923 430 in
946 364 1141 442 superiore
1171 390 1340 434 censura
1361 390 1537 430 locatum

238 455 404 495 fuerat:
423 453 465 494 id
488 454 674 505 quoniam
699 453 783 496 usui
806 467 889 494 non
913 465 993 494 erat
1016 462 1192 504 tempore
1214 453 1370 501 nubilo,
1394 454 1433 495 P.
1448 455 1540 494 3οἰ-

240 516 333 566 pio,
351 515 477 554 divilis
505 514 700 567 aequaliter
727 517 851 556 noc‘tis
872 528 917 556 ac
941 515 1021 557 diei
1044 515 1174 565 horis,
1195 515 1443 567 horologium
1467 514 1540 554 sub

241 580 346 618 tecto
376 578 594 626 dedicavit,
621 579 728 630 quod
754 579 907 619 fluentis
934 591 1042 629 aquae
1067 578 1218 618 indicio
1236 586 1457 629 temporum
1481 577 1539 616 in-

243 640 404 681 tervalla
432 643 640 683 metiretur.
687 642 810 684 Graeci
838 640 1076 692 clepsydram
1104 638 1360 691 appellarunt.
1394 640 1474 680 Res
1497 639 1540 678 in

245 703 414 755 speciem
441 703 544 746 haud
570 704 795 755 magnifica,
815 703 866 744 ob
889 704 1087 753 ingentem
1112 702 1320 742 utilitatem
1345 700 1441 742 laetis
1462 701 1544 750 ani,-

247 767 321 805 mis
344 776 504 817 accepta
531 766 593 806 est.
636 768 738 808 Nam
766 767 872 817 apud
899 766 1108 818 prudentes
1137 766 1317 817 pleraque
1345 766 1433 804 vitae
1459 764 1548 804 offi-

248 830 307 868 cia
334 830 575 880 temporibus
610 831 887 883 distribuuntur
921 844 930 870 ε
971 844 1136 882 quorum
1173 829 1321 881 negligi
1355 830 1544 869 rationem

249 892 317 943 qui
346 906 481 943 parurn
510 893 652 932 referre·
680 903 839 944 putant,
873 892 1074 936 utiliffimae
1107 893 1159 933 rei
1188 892 1353 944 pretium
1378 904 1460 932 non
1485 890 1546 929 in·-

249 956 441 1006 telligunt.
474 956 597 996 Iidem
626 956 822 1006 censores),
845 965 888 994 ut
913 955 1138 1004 ambitioni,
1163 955 1260 995 vires
1283 954 1456 1006 quotidie
1486 951 1547 992 su-

254 1019 398 1064 menti,
418 1020 468 1058 fic
493 1032 645 1069 quoque
674 1020 790 1058 iretur
815 1018 970 1058 obviam
986 1050 997 1067 ,
1018 1032 1108 1058 cum
1130 1018 1260 1058 multae
1286 1016 1421 1069 paffim
1445 1016 1551 1056 circa

253 1081 383 1120 forum
420 1080 550 1118 statuae
586 1079 704 1119 effent
737 1080 895 1130 pofflae,
924 1079 1153 1119 sustulerunt
1188 1091 1348 1125 omnes,
1374 1077 1550 1128 exceptis

255 1158 339 1195 quae
363 1145 412 1183 de
435 1143 585 1182 senatus
610 1152 675 1182 aut
701 1142 837 1194 populi
862 1143 1050 1183 sententia
1073 1143 1218 1183 statutae
1243 1142 1383 1184 essent:
1407 1142 1448 1180 in
1467 1140 1554 1189 his,

257 1219 372 1258 quam
395 1205 498 1256 apud
520 1206 641 1244 aedem
663 1205 828 1245 Telluris
854 1207 916 1256 Sp.
933 1205 1092 1254 Caffins,
1118 1206 1193 1256 qui
1208 1217 1370 1256 regnum
1396 1202 1554 1244 affecta-

256 1273 339 1317 vit,
366 1270 571 1320 posuerat3-
598 1270 711 1308 etiam
743 1271 968 1309 conflavere.
1000 1270 1301 1320 Operum‚quae
1328 1268 1369 1306 in
1395 1265 1554 1307 censura

257 1332 332 1372 hac
354 1331 479 1372 locata
507 1331 619 1381 sunt,
641 1327 925 1373 nobiliffimum
949 1333 1118 1383 porticus
1140 1331 1184 1371 in
1210 1328 1404 1381 Capitolio
1431 1329 1555 1370 fuere„

257 1395 401 1435 locavit
428 1395 466 1435 P.
494 1394 713 1436 Cornelius..
740 1394 913 1437 Lustrum
941 1394 984 1433 hi:
1010 1395 1186 1434 fecerunt
1207 1393 1276 1435 sub
1298 1393 1445 1433 exitum
1474 1405 1555 1432 ma-

262 1459 435 1509 gistratus
457 1457 535 1505 sui,
562 1457 802 1497 consulatum
828 1460 906 1507 jam
932 1457 1151 1509 gerentibus
1174 1456 1234 1497 M.
1251 1455 1410 1497 AEmilio
1436 1455 1492 1496 Μ.
1510 1455 1557 1498 Ε,

264 1524 319 1569 Ν.
345 1525 394 1563 Ν.
432 1523 580 1574 Lepido
597 1555 610 1573 ‚
637 1523 679 1564 C.
710 1522 876 1575 Popillio
902 1523 940 1562 P.
970 1522 1010 1563 F.
1037 1521 1078 1562 P.
1106 1522 1156 1563 N.
1187 1520 1340 1561 Laenate
1362 1521 1516 1559 iterum.

318 1585 383 1625 IV.
402 1585 477 1625 Hic
501 1586 616 1624 etiam
631 1597 753 1627 annus
776 1583 950 1636 pluribus
967 1596 1101 1634 regum
1120 1582 1285 1634 negotiis
1298 1613 1310 1629 ,
1331 1595 1447 1635 quam
1470 1594 1557 1632 pro-

263 1647 379 1698 priis,
406 1655 615 1697 occupatos
642 1648 768 1690 Patres
791 1647 942 1690 habuit.
973 1645 1201 1687 Ptolemaeus
1224 1645 1327 1683 enim
1353 1643 1561 1695 Physcon,

266 1722 407 1758 magno
435 1721 526 1748 cum
559 1709 691 1749 favore
720 1709 890 1749 dimissus
917 1708 964 1748 ab
989 1708 1147 1755 senatu,
1175 1708 1217 1747 in
1247 1705 1390 1747 Graeeia
1413 1705 1564 1745 validas:

266 1773 592 1811 mercenariorum
621 1774 753 1824 copias
778 1773 980 1812 conduxit.
1016 1771 1179 1822 Recepit
1203 1772 1239 1810 δι
1261 1768 1564 1821 Damasippum,

266 1848 404 1885 genere
421 1836 704 1884 Macedonem,
719 1837 784 1886 qui
801 1834 995 1886 proximas
1011 1834 1110 1872 inter
1130 1831 1260 1872 turbas
1281 1831 1441 1882 publico
1464 1844 1559 1871 con..

265 1896 347 1935 silio
363 1928 373 1943 7
400 1898 504 1947 quod
527 1897 641 1937 Phaci
665 1898 815 1944 fuerat5
843 1899 1072 1943 interemto,
1095 1907 1183 1934 cum
1210 1907 1334 1936 uxore
1357 1893 1558 1944 liberisque

268 1971 315 1997 ex
344 1958 580 1997 Macedonia
608 1959 846 2009 profugerat..
887 1958 986 1997 Cum
1018 1956 1076 1995 his
1104 1957 1144 1995 in
1168 1955 1383 2009 oppositam
1411 1954 1559 1995 Rhodo

268 2020 534 2059 continentem
568 2021 836 2071 transgressus,
867 2022 902 2059 ἃ
930 2018 1170 2070 hospitaliter
1192 2025 1378 2067 exceptus
1408 2029 1429 2055 a
1456 2015 1560 2056 Rho.

271 2084 367 2127 diis
392 2083 571 2131 navigare
598 2082 768 2133 Cyprum
792 2083 991 2120 statuerat:
1022 2080 1086 2118 nisi
1118 2080 1163 2120 Τ.
1189 2078 1360 2119 Manlius
1389 2078 1563 2128 Torqua-

269 2151 356 2187 tus
373 2143 438 2192 qui
462 2142 654 2193 legatione
678 2143 725 2182 ab
751 2143 880 2181 senatu
907 2141 1167 2193 fungebatur
1187 2140 1415 2188 monuisset,
1442 2151 1563 2178 comm

264 2206 476 2256 sementum
503 2205 651 2242 Parrum
666 2204 841 2257 fzfflurum
860 2204 994 2251 rideri,
1010 2205 1070 2255 qui
1090 2217 1164 2241 eum
1188 2204 1279 2244 citra
1301 2202 1374 2240 vim
1391 2190 1563 2256 juffiffifl‘

319 2320 339 2361 Ε
376 2320 416 2352 H.
445 2320 527 2352 Fasti
553 2320 611 2364 Ca
614 2322 702 2353 >ito
733 2320 807 2352 Liv.
834 2321 882 2365 Ep
886 2323 924 2354 it.
951 2320 1280 2354 MasuriusSabinus
1304 2331 1357 2362 ap.
1389 2318 1498 2363 Ageu.
1521 2328 1567 2357 4,

275 2376 316 2396 ὀ
339 2364 371 2396 &
390 2365 523 2397 Nonius
542 2377 630 2398 voce
648 2366 832 2409 Strigosus.
860 2367 880 2409 §
901 2365 957 2398 111.
977 2366 1061 2398 Plin.
1083 2376 1126 2405 7,
1143 2366 1198 2396 60.
1220 2364 1431 2398 Centorinus
1453 2363 1491 2397 de
1505 2362 1564 2394 dio

279 2409 475 2498 Natali&L.
498 2409 572 2444 Piso
605 2423 660 2458 ap.
691 2395 776 2444 Pim.
802 2421 863 2453 34,
884 2411 917 2444 6.
945 2410 1071 2443 Auestor
1094 2410 1133 2443 de
1155 2410 1228 2445 Vir.
1256 2410 1305 2442 ill.
1331 2419 1361 2442 c.
1386 2419 1440 2448 44.
1471 2407 1565 2441 Veu,

330 2466 342 2486 l
