1673 3052
298 215 771 266 IN<LOC.LIB.·
814 217 941 261 LIII
984 216 1133 262 LIV.
1284 231 1376 275 443

99 326 334 378 propinquas
366 324 435 372 fibi
475 323 648 374 regiones
677 320 930 370 infestabant3
961 320 1035 360 alia
1063 320 1226 368 Cilices,
1254 320 1384 360 multis

98 388 328 445 praedonum
355 384 494 425 exortis
521 383 724 434 manipulis
754 382 1014 433 ducibusque,
1036 380 1237 420 latrocinia
1262 381 1385 418 conti-

100 459 179 487 nua
205 447 457 494 exercebant,
472 459 608 496 regum
625 444 827 484 discordiis
843 443 927 482 tuti.
957 444 1069 482 Nec
1059 455 1101 481 m
1124 442 1216 492 AEgy
1223 450 1289 492 pto
1312 441 1385 479 mi-

100 521 175 550 nus
198 508 392 551 turbarum
416 517 520 555 erat,
537 520 605 558 per
631 506 814 545 saevitiam
838 504 1065 550 Ptolemaei,
1081 516 1163 553 quae
1183 502 1286 541 nulla
1309 502 1386 540 for-

41 563 43 565 ’
102 578 207 611 tunae
229 570 471 622 indulgentia
493 568 751 619 mitigabatur.
778 569 912 617 Nuper
934 567 1061 612 enim,
1086 578 1174 604 cum
1191 564 1386 615 ffigyptio-

100 645 188 673 rum
217 634 301 686 lege
330 633 456 692 regale
481 631 660 682 Memphi
693 631 832 670 solium
870 628 1146 668 conscendiffet
1168 658 1180 676 ,
1210 637 1321 666 natus
1351 628 1386 665 ei

101 696 204 736 filius
229 707 337 745 erat,
347 710 480 752 quem
509 698 609 735 inter
633 695 817 734 solemnia
846 695 956 745 regiae
983 693 1281 743 inaugurationis
1307 692 1388 730 edi-

101 766 211 807 tum,
238 759 353 798 etiam
387 758 517 797 omine
540 757 674 806 laetus,
703 757 921 808 Memphiten
944 754 1212 805 appellaverat.
1250 746 1386 802 Neque

103 827 236 859 tamen
258 830 323 859 aut
343 819 514 861 hilaritas
537 820 629 868 ista,
653 829 719 858 aut
742 818 924 858 natalitiis
952 817 1058 868 pueri
1079 817 1209 855 debita
1231 815 1389 854 celebri-

102 889 180 930 tas,
197 882 480 934 impedimento
500 852 717 920 crudelitati
738 881 812 919 fuit
826 882 943 930 ,quin
959 892 1025 930 per
1041 878 1193 917 eosdem
1219 879 1258 916 di
1249 891 1300 915 es
1317 878 1388 926 Cy-

93 944 317 997 'renensium
344 947 563 984 amicorum
596 944 792 994 principes
828 942 1050 987 occideret,
1083 952 1246 990 quorum
1273 949 1388 988 opera

105 1008 315 1058 perduchis
343 1009 381 1046 in
405 1020 564 1058 regnum
596 1006 832 1046 Alexandriae
860 1005 995 1044 fuerat.
1032 1002 1154 1057 Causa
1177 1011 1291 1041 tantae
1320 1000 1389 1039 [Ξε-

104 1069 207 1109 vitiae
227 1069 321 1118 fuit,
345 1070 450 1120 quod
468 1082 594 1120 regem
618 1069 741 1107 amice
759 1075 1013 1113 monuerant,
1030 1082 1070 1103 ne
1094 1081 1255 1113 uxorem,
1275 1082 1297 1102 a
1319 1079 1390 1115 qua

105 1131 142 1170 ἐῢ
164 1146 302 1185 regnum
323 1132 434 1185 paulo
458 1143 564 1178 ante,
585 1132 620 1170 ἃ
642 1145 732 1168 nunc
752 1131 888 1184 stirpem
913 1129 1076 1175 haberet,
1104 1127 1246 1180 pellicis
1273 1128 1389 1165 [renes

101 1192 354 1231 blandimentis
371 1194 597 1247 pqsHzczbere‘.

163 1261 306 1302 XVIII.
349 1261 426 1302 Sed
458 1259 522 1300 ille
553 1260 697 1310 flagitia
726 1260 881 1311 flagitiis
914 1258 1137 1307 cumulans,
1162 1257 1277 1308 paulo
1304 1257 1390 1308 post

105 1321 225 1361 filiam
247 1322 381 1361 uxoris‘
397 1320 556 1374 pervim
573 1322 777 1372 stupratam
801 1323 928 1368 ducit,
952 1321 1194 1371 Cleopatram
1219 1319 1390 1359 soror-cm

106 1385 295 1436 repudiat.
316 1386 419 1426 Inter
445 1385 528 1426 haec
554 1386 674 1424 caedes
702 1386 1002 1430 continuantur,
1024 1397 1101 1421 non
1126 1382 1222 1432 regis
1240 1391 1391 1421 tantum

107 1446 301 1498 imperio,
326 1447 393 1487 sed
420 1447 542 1487 multa
577 1449 861 1499 peregrinorum
899 1445 1065 1484 militum
1102 1443 1262 1482 libidine
1296 1442 1387 1481 fieri.

108 1511 262 1561 Quibus
289 1510 400 1551 malis
424 1511 669 1552 Alexandrini
696 1510 867 1561 fatigati,
893 1511 972 1558 jam
998 1508 1123 1548 ubivis
1150 1506 1391 1546 tolerabilio-

108 1585 202 1613 rem'
221 1574 290 1614 fibi
314 1575 458 1623 vitam,
478 1588 592 1624 quam
620 1575 657 1612 in
684 1574 828 1624 patria,
849 1573 1017 1611 futuram
1044 1572 1140 1619 rati,
1161 1569 1294 1620 paffim
1320 1582 1391 1608 ur-

107 1635 197 1676 bem
221 1636 411 1676 deserunt.
446 1635 686 1683 Ptolemaeus,
706 1648 782 1685 quo
808 1633 1004 1673 solitudini
1030 1632 1249 1678 subveniat,
1275 1644 1390 1682 pere-

106 1696 258 1747 grinos,
285 1705 326 1736 ut
349 1698 390 1736 in
403 1700 535 1737 vacuis
560 1697 706 1736 aedibus
732 1695 946 1735 habitatum
964 1696 1141 1740 veniant,
1167 1694 1294 1732 edicio
1320 1691 1391 1731 sol-

106 1758 255 1798 licitare
285 1760 443 1811 cogitur.
486 1762 582 1800 Haec
613 1762 647 1799 ὃς
682 1759 754 1798 alia
785 1771 874 1798 cum
905 1761 940 1798 δε
968 1770 1100 1807 regum
1130 1758 1164 1795 ἃ
1190 1756 1389 1794 civitatum

107 1822 300 1861 continuis
319 1821 578 1872 legationibus
594 1822 632 1860 in
650 1821 778 1860 senatu
799 1828 1105 1871 exponerentur,
1125 1818 1230 1868 quod
1248 1818 1277 1856 is
1298 1830 1389 1856 cum

105 1881 270 1921 aliorum
285 1912 295 1931 ,
319 1890 402 1921 tum
417 1882 569 1933 IEgypti
593 1884 628 1922 ἃ
654 1882 768 1932 Syriae
792 1893 1021 1931 regnorum,
1047 1879 1146 1929 quasi
1177 1887 1388 1930 perpetuus

105 1944 264 1994 quidam
291 1953 395 1983 tutor
421 1944 537 1995 longo
560 1946 639 1994 jam
662 1952 836 1994 tempore
857 1943 1005 1991 fuerat3
1028 1942 1173 1993 legatos
1197 1943 1245 1980 ad
1266 1941 1391 1991 inspi-

105 2007 248 2046 ciunda
262 2006 453 2046 sociorum
467 2020 582 2058 regna
594 2009 815 2058 Scipionem
829 2015 942 2057 atque
956 2013 1103 2044 ceteros
1116 2005 1216 2044 mitti
1230 2003 1388 2054 placuit.

106 2079 110 2084 '
159 2075 270 2132 XIX.
294 2076 339 2116 In
364 2090 408 2116 ea
430 2072 645 2128 legatione,
670 2091 743 2128 qua
767 2089 913 2126 magnae
938 2076 1040 2115 orbis
1063 2083 1245 2114 terrarum
1269 2074 1389 2123 partis

109 2136 310 2177 arbitrium
337 2140 489 2178 acturus
515 2148 618 2186 erat,
641 2139 698 2177 vir
730 2147 843 2177 tantae
871 2137 1066 2187 dignitatis
1093 2147 1207 2185 atque
1235 2134 1387 2183 gloriae,

108 2207 314 2238 contentus
338 2199 412 2238 fuit
443 2213 520 2239 uno
554 2201 695 2239 comite
728 2198 913 2246 Panaetio,
937 2210 1051 2248 quem
1084 2196 1189 2235 domi
1216 2207 1390 2245 peregre-

107 2272 182 2310 que
195 2258 321 2297 secum
337 2258 477 2298 habere
490 2261 696 2310 praestantis
713 2260 851 2311 ingenii
870 2258 979 2298 causa
1003 2256 1248 2296 consueverat
1262 2287 1272 2303 ,
1287 2258 1321 2294 δε
1337 2255 1389 2293 se-

105 2328 213 2371 ptem
242 2318 474 2359 servulorum
501 2321 721 2361 ministerio.
747 2319 949 2370 exquibus
971 2331 1058 2357 cum
1078 2331 1173 2356 unus
1201 2318 1238 2354 in
1256 2317 1389 2354 itincre

112 2381 204 2421 esset
230 2390 423 2432 mortuus,
450 2383 668 2422 domesticis
694 2383 853 2432 scriplit,
878 2395 916 2420 ut
941 2381 1129 2431 aliumstbi
1152 2382 1252 2418 domo
1273 2392 1390 2416 :mns-

155 2510 179 2555 ξ
203 2510 310 2546 XVII.
334 2511 476 2546 Diodor.
492 2524 544 2557 ap.
568 2513 678 2546 vales.
701 2512 817 2546 Justin.
837 2512 899 2556 35,
924 2512 952 2544 S>
975 2511 1049 2545 Μ».
1074 2511 1163 2554 Epir.
