1673 3052
277 182 371 242 206
628 177 1191 226 T1T1L1V11

274 297 626 349 occuparentur,
648 283 821 331 includi
838 282 880 330 se
897 282 1053 331 insulae
1070 301 1221 346 parvae
1237 283 1287 332 &
1302 277 1457 331 sterilis
1468 277 1564 347 agri

272 359 485 407 litoribus
504 393 518 414 ,
541 372 641 420 quae
661 363 942 419 nequaquam
959 356 1075 402 alere
1096 368 1232 403 tantae
1259 354 1385 402 urbis
1411 371 1564 416 popu-

273 430 370 478 lum
401 429 560 492 poffet.
585 428 705 474 miffa
727 428 860 491 igitur
880 427 1137 489 juventute,
1157 421 1420 491 propere·&
1441 428 1565 473 Cau·-

274 502 379 550 nios
395 538 409 560 ‚
433 517 689 565 quanquam
715 499 1040 564 Cibyratarum
1066 499 1345 546 adsciverant
1371 497 1565 555 auxilia,

276 585 527 639 coegerunt
553 573 746 636 imperio
780 575 1032 635 parere3&
1068 572 1338 637 Mylasenses
1366 572 1566 619 Alaban-

273 649 505 713 denosque
504 685 530 708 3
551 648 656 712 qui,
679 647 1021 695 Euromensium
1042 647 1282 711 provincia
1300 647 1491 702 ademta,
1511 644 1569 691 ad

273 722 397 786 ipsos
431 721 675 804 conjunfilo
708 721 912 769 exercitu
952 732 1206 780 venerunt,
1237 721 1359 769 circa
1385 719 1566 768 Ortho-

273 796 381 843 siam
409 796 505 844 acie
535 796 758 844 vicerunt.
987 809 990 811 ’

343 869 517 915 XXVI.
546 868 673 915 Dum
711 869 806 914 haec
836 865 930 925 ibi,
955 866 1078 914 alia
1067 884 1115 914 m
1150 863 1449 923 Macedonia,
1480 861 1570 910 alia

275 944 446 990 Romae
463 953 703 1005 geruntur3
722 940 903 988 interim
926 940 972 995 in
988 940 1177 1004 Illyrico
1195 942 1244 987 L.
1265 937 1476 994 Anicius,
1494 952 1566 982 re·

278 1032 334 1080 ge
356 1015 532 1061 Gentio
548 1049 562 1072 ,
581 1013 692 1061 ficut
709 1026 809 1060 ante
824 1013 989 1060 dictum
1013 1013 1097 1072 est,
1119 1014 1164 1060 in
1185 1011 1447 1077 potestatem
1465 1008 1568 1055 red-

277 1091 408 1146 aE’m,
437 1089 648 1145 Scodrae,
679 1105 783 1152 quae
813 1086 929 1150 regia
962 1084 1140 1145 fuerat,
1175 1085 1380 1150 praesidio
1412 1081 1567 1143 impo-

279 1165 365 1212 fito
401 1162 650 1211 Gabinium
678 1161 906 1224 praefecit,
930 1161 1124 1207 Rhizoni
1144 1162 1194 1208 &
1219 1157 1409 1206 Olcinio
1439 1154 1570 1203 urbi-

279 1238 362 1286 bus
380 1236 656 1301 opportunis
675 1236 730 1282 C.
750 1234 990 1303 Licinium.
1010 1233 1262 1297 Praepofitis
1275 1232 1342 1279 his
1362 1223 1572 1296 Illyrico,

280 1329 385 1360 cum
413 1309 591 1373 reliquo
620 1308 840 1359 exercitu
849 1308 896 1354 in
918 1309 1100 1371 Epirum
1124 1307 1186 1354 est
1217 1305 1460 1371 profectus.
1488 1299 1571 1349 ubi

281 1388 427 1452 prima
462 1386 665 1453 Phanota
686 1384 726 1432 ei
745 1383 921 1443 dedita,
943 1395 1040 1431 tota
1066 1381 1355 1431 multitudine
1382 1396 1485 1428 cum
1502 1377 1571 1424 in-

281 1464 387 1511 fulis
408 1461 596 1509 obviam
622 1458 772 1507 effusa.
801 1458 875 1506 hic
905 1457 1112 1522 praefidio
1140 1453 1378 1520 impolito,
1398 1454 1447 1501 in
1466 1454 1573 1500 Mo·

282 1539 485 1586 loffidem
504 1533 787 1600 transgressus
809 1552 820 1581 :
842 1532 968 1595 cujus
992 1532 1203 1579 omnibus
1222 1530 1402 1593 oppidis
1417 1565 1430 1587 ,
1452 1545 1572 1591 prae-

282 1627 351 1659 ter
391 1610 699 1667 Passaronem,
731 1610 781 1656 &
814 1609 1126 1663 Tecmonem,
1147 1606 1197 1652 δέ
1231 1603 1487 1668 Phylacen,
1519 1600 1572 1647 &

285 1687 512 1732 Horreum
533 1719 545 1740 ‚
574 1682 794 1744 receptis,
823 1681 1015 1744 primum
1064 1679 1120 1726 ad
1161 1677 1442 1725 Paffaronem
1485 1676 1572 1722 du·-

284 1761 359 1807 cit.
384 1757 610 1807 Antinous
631 1758 680 1804 &
701 1756 970 1802 Theodotus
997 1754 1221 1817 principes
1249 1750 1342 1812 ejus
1369 1747 1570 1798 civitatis

284 1845 440 1888 erant,
459 1830 650 1894 insignes
684 1831 731 1877 &
752 1828 912 1876 favore
945 1827 1117 1885 Persei,
1140 1828 1189 1873 &
1211 1825 1323 1872 odio
1358 1821 1572 1870 adversus

284 1907 520 1952 Romanos
554 1921 564 1948 z
594 1903 727 1948 iidem
767 1900 988 1949 universae
1031 1900 1153 1964 genti
1185 1898 1390 1946 auctores
1429 1895 1571 1943 desci-

283 1976 436 2024 scendi
455 1977 510 2022 ab
542 1975 775 2022 Romanis.
808 1974 866 2020 Hi
895 1972 1167 2020 conscientia
1192 1971 1383 2034 privatae
1405 1984 1536 2015 noxae
1554 2000 1571 2026 ‚

283 2047 392 2111 quia
418 2047 520 2109 ipsis
548 2048 672 2094 nulla
694 2049 787 2111 spes
810 2047 957 2094 veniae
984 2059 1098 2103 erat,
1122 2057 1169 2091 ut
1191 2041 1422 2091 communi
1442 2039 1572 2086 ruina

285 2121 443 2185 patria:
471 2121 862 2184 opprimerentur,
884 2119 1134 2167 clauserunt
1162 2129 1315 2180 portas
1331 2151 1345 2174 ,
1365 2113 1573 2161 multitu-

287 2198 465 2253 dinem,
486 2209 535 2242 ut
559 2208 752 2243 mortem
782 2194 984 2242 servituti
1015 2203 1357 2257 praeponerent,
1376 2190 1571 2236 hortan-

286 2290 368 2321 tes.
398 2275 549 2320 Nemo
583 2272 795 2319 adversus
825 2283 1126 2332 praepotentes
1156 2269 1286 2319 viros
1308 2266 1475 2314 hiscere
1494 2282 1572 2313 au·

286 2346 431 2393 debat.
461 2347 665 2393 Tandem
697 2345 966 2391 Theodotus
988 2343 1194 2406 quidam,
1215 2340 1380 2388 nobilis
1410 2338 1571 2402 &ipse

287 2417 547 2466 adolescens
565 2455 578 2477 ,
599 2436 701 2465 cum
734 2417 882 2478 major
913 2435 936 2463 a
958 2417 1174 2463 Romanis
1193 2429 1334 2461 metus
1361 2413 1571 2459 timorem

290 2511 315 2540 a
336 2492 616 2556 principibus
645 2491 731 2541 suis
757 2491 958 2551 vicisset,
980 2494 1083 2555 Quae
1112 2510 1185 2539 vos
1213 2492 1372 2549 rabies,
1397 2486 1569 2552 inquit,
