<?xml version="1.0" encoding="UTF-8"?>
<!DOCTYPE html PUBLIC "-//W3C//DTD XHTML 1.0 Transitional//EN"
    "http://www.w3.org/TR/xhtml1/DTD/xhtml1-transitional.dtd">
<html xmlns="http://www.w3.org/1999/xhtml" xml:lang="en" lang="en">
 <head>
  <title>
</title>
<meta http-equiv="Content-Type" content="text/html;charset=utf-8" />
  <meta name='ocr-system' content='tesseract 3.04.00' />
  <meta name='ocr-capabilities' content='ocr_page ocr_carea ocr_par ocr_line ocrx_word'/>
</head>
<body>
  <div class='ocr_page' id='page_1' title='image "./historiarumlibri07livyuoft_0066.png"; bbox 0 0 1673 3052; ppageno 0'>
   <div class='ocr_carea' id='block_1_1' title="bbox 298 200 1214 263">
    <p class='ocr_par' dir='ltr' id='par_1_1' title="bbox 298 200 1214 263">
     <span class='ocr_line' id='line_1_1' title="bbox 298 200 1214 263; baseline 0.003 -16"><span class='ocrx_word' id='word_1_1' title='bbox 298 200 355 263; x_wconf 76' lang='lat'><strong><em>53</em></strong></span> <span class='ocrx_word' id='word_1_2' title='bbox 656 201 1214 250; x_wconf 78' lang='lat' dir='ltr'>T1T1L1vll</span> 
     </span>
    </p>
   </div>
   <div class='ocr_carea' id='block_1_2' title="bbox 279 311 1584 2564">
    <p class='ocr_par' dir='ltr' id='par_1_2' title="bbox 279 311 1584 2126">
     <span class='ocr_line' id='line_1_2' title="bbox 294 311 1577 376; baseline 0.004 -19"><span class='ocrx_word' id='word_1_3' title='bbox 294 313 514 357; x_wconf 83' lang='lat' dir='ltr'><strong><em>Romanos</em></strong></span> <span class='ocrx_word' id='word_1_4' title='bbox 539 311 720 372; x_wconf 83' lang='lat' dir='ltr'><strong><em>pecunia</em></strong></span> <span class='ocrx_word' id='word_1_5' title='bbox 738 326 813 356; x_wconf 82' lang='lat' dir='ltr'><strong><em>aut</em></strong></span> <span class='ocrx_word' id='word_1_6' title='bbox 840 329 941 373; x_wconf 86' lang='lat' dir='ltr'><strong><em>agro</em></strong></span> <span class='ocrx_word' id='word_1_7' title='bbox 968 330 1073 374; x_wconf 78' lang='lat' dir='ltr'><strong><em>egere</em></strong></span> <span class='ocrx_word' id='word_1_8' title='bbox 1089 331 1106 359; x_wconf 88' lang='lat'><strong><em>.·</em></strong></span> <span class='ocrx_word' id='word_1_9' title='bbox 1125 313 1203 372; x_wconf 74' lang='lat' dir='ltr'><strong><em>led</em></strong></span> <span class='ocrx_word' id='word_1_10' title='bbox 1235 314 1312 359; x_wconf 85' lang='lat' dir='ltr'><strong><em>lzoc</em></strong></span> <span class='ocrx_word' id='word_1_11' title='bbox 1327 313 1462 376; x_wconf 79' lang='lat' dir='ltr'><strong><em>fiire,</em></strong></span> <span class='ocrx_word' id='word_1_12' title='bbox 1482 332 1577 362; x_wconf 88' lang='lat' dir='ltr'><strong><em>cum</em></strong></span> 
     </span>
     <span class='ocr_line' id='line_1_3' title="bbox 291 383 1578 449; baseline 0.005 -22"><span class='ocrx_word' id='word_1_13' title='bbox 291 386 438 428; x_wconf 85' lang='lat' dir='ltr'><strong><em>omnia</em></strong></span> <span class='ocrx_word' id='word_1_14' title='bbox 471 386 655 428; x_wconf 81' lang='lat' dir='ltr'><strong><em>humana</em></strong></span> <span class='ocrx_word' id='word_1_15' title='bbox 669 419 684 442; x_wconf 82' lang='lat'>,</span> <span class='ocrx_word' id='word_1_16' title='bbox 718 399 804 429; x_wconf 81' lang='lat' dir='ltr'><strong><em>tum</em></strong></span> <span class='ocrx_word' id='word_1_17' title='bbox 829 388 1024 431; x_wconf 76' lang='lat' dir='ltr'><strong><em>maxima</em></strong></span> <span class='ocrx_word' id='word_1_18' title='bbox 1041 404 1205 448; x_wconf 83' lang='lat' dir='ltr'><strong><em>quaeque</em></strong></span> <span class='ocrx_word' id='word_1_19' title='bbox 1228 383 1272 432; x_wconf 66' lang='grc' dir='ltr'><strong><em>δ’</em></strong></span> <span class='ocrx_word' id='word_1_20' title='bbox 1295 404 1420 449; x_wconf 82' lang='lat' dir='ltr'><strong><em>regna</em></strong></span> <span class='ocrx_word' id='word_1_21' title='bbox 1438 385 1481 434; x_wconf 67' lang='grc' dir='ltr'><strong><em>δ’</em></strong></span> <span class='ocrx_word' id='word_1_22' title='bbox 1498 391 1578 434; x_wconf 89' lang='lat' dir='ltr'><strong><em>im-</em></strong></span> 
     </span>
     <span class='ocr_line' id='line_1_4' title="bbox 283 455 1580 523; baseline 0.005 -23"><span class='ocrx_word' id='word_1_23' title='bbox 283 458 406 518; x_wconf 82' lang='lat' dir='ltr'><strong><em>peria</em></strong></span> <span class='ocrx_word' id='word_1_24' title='bbox 409 456 498 516; x_wconf 86' lang='lat' dir='ltr'><strong><em>sub</em></strong></span> <span class='ocrx_word' id='word_1_25' title='bbox 515 455 675 522; x_wconf 72' lang='lat' dir='ltr'><strong><em>casibus</em></strong></span> <span class='ocrx_word' id='word_1_26' title='bbox 691 457 838 503; x_wconf 82' lang='lat' dir='ltr'><strong><em>multis</em></strong></span> <span class='ocrx_word' id='word_1_27' title='bbox 853 455 937 521; x_wconf 78' lang='lat' dir='ltr'><strong><em>effi.</em></strong></span> <span class='ocrx_word' id='word_1_28' title='bbox 962 457 1365 523; x_wconf 78' lang='lat' dir='ltr'><strong><em>Carthaginiensium</em></strong></span> <span class='ocrx_word' id='word_1_29' title='bbox 1383 477 1479 522; x_wconf 85' lang='lat' dir='ltr'><strong><em>opes</em></strong></span> <span class='ocrx_word' id='word_1_30' title='bbox 1487 460 1580 519; x_wconf 79' lang='lat' dir='ltr'><strong><em>fie-</em></strong></span> 
     </span>
     <span class='ocr_line' id='line_1_5' title="bbox 287 525 1578 592; baseline 0.005 -20"><span class='ocrx_word' id='word_1_31' title='bbox 287 525 385 592; x_wconf 79' lang='lat' dir='ltr'><strong><em>giffi</em></strong></span> <span class='ocrx_word' id='word_1_32' title='bbox 404 527 495 588; x_wconf 74' lang='lat' dir='ltr'><strong><em>sese</em></strong></span> <span class='ocrx_word' id='word_1_33' title='bbox 509 562 524 585; x_wconf 89' lang='lat'>‚</span> <span class='ocrx_word' id='word_1_34' title='bbox 559 526 601 574; x_wconf 63' lang='grc' dir='ltr'><strong><em>ὃ*</em></strong></span> <span class='ocrx_word' id='word_1_35' title='bbox 624 531 844 575; x_wconf 76' lang='lat' dir='ltr'><strong><em>cervicibus</em></strong></span> <span class='ocrx_word' id='word_1_36' title='bbox 871 547 1008 575; x_wconf 87' lang='lat' dir='ltr'><strong><em>eorum</em></strong></span> <span class='ocrx_word' id='word_1_37' title='bbox 1034 544 1321 590; x_wconf 68' lang='lat' dir='ltr'><strong><em>praepotentem</em></strong></span> <span class='ocrx_word' id='word_1_38' title='bbox 1339 533 1578 592; x_wconf 87' lang='lat' dir='ltr'><strong><em>finitimum</em></strong></span> 
     </span>
     <span class='ocr_line' id='line_1_6' title="bbox 289 599 1577 664; baseline 0.004 -19"><span class='ocrx_word' id='word_1_39' title='bbox 289 617 418 661; x_wconf 83' lang='lat' dir='ltr'><strong><em>regem</em></strong></span> <span class='ocrx_word' id='word_1_40' title='bbox 442 599 705 664; x_wconf 74' lang='lat' dir='ltr'><strong><em>impositiſje:</em></strong></span> <span class='ocrx_word' id='word_1_41' title='bbox 731 603 992 647; x_wconf 76' lang='lat' dir='ltr'><em>Antiochum</em></span> <span class='ocrx_word' id='word_1_42' title='bbox 1013 603 1328 662; x_wconf 78' lang='lat' dir='ltr'><strong><em>progeniemque</em></strong></span> <span class='ocrx_word' id='word_1_43' title='bbox 1347 602 1437 659; x_wconf 82' lang='lat' dir='ltr'><strong><em>ejus</em></strong></span> <span class='ocrx_word' id='word_1_44' title='bbox 1464 607 1577 649; x_wconf 87' lang='lat' dir='ltr'><strong><em>ultra</em></strong></span> 
     </span>
     <span class='ocr_line' id='line_1_7' title="bbox 279 670 1576 737; baseline 0.005 -22"><span class='ocrx_word' id='word_1_45' title='bbox 279 670 399 732; x_wconf 85' lang='lat' dir='ltr'><strong><em>juga</em></strong></span> <span class='ocrx_word' id='word_1_46' title='bbox 420 673 552 717; x_wconf 82' lang='lat' dir='ltr'><em>Tauri</em></span> <span class='ocrx_word' id='word_1_47' title='bbox 573 687 782 717; x_wconf 85' lang='lat' dir='ltr'><strong><em>remotum.</em></strong></span> <span class='ocrx_word' id='word_1_48' title='bbox 820 675 967 718; x_wconf 84' lang='lat' dir='ltr'><strong><em>Unum</em></strong></span> <span class='ocrx_word' id='word_1_49' title='bbox 992 670 1062 735; x_wconf 80' lang='lat' dir='ltr'><strong><em>effi</em></strong></span> <span class='ocrx_word' id='word_1_50' title='bbox 1089 674 1348 733; x_wconf 71' lang='lat' dir='ltr'><strong><em>Macedonia</em></strong></span> <span class='ocrx_word' id='word_1_51' title='bbox 1378 691 1543 737; x_wconf 84' lang='lat' dir='ltr'><strong><em>regnum</em></strong></span> <span class='ocrx_word' id='word_1_52' title='bbox 1558 708 1576 730; x_wconf 95' lang='lat'><strong>,</strong></span> 
     </span>
     <span class='ocr_line' id='line_1_8' title="bbox 291 741 1578 809; baseline 0.003 -20"><span class='ocrx_word' id='word_1_53' title='bbox 291 742 335 789; x_wconf 63' lang='grc' dir='ltr'><em>ἂ</em></span> <span class='ocrx_word' id='word_1_54' title='bbox 352 747 511 806; x_wconf 79' lang='lat' dir='ltr'><strong><em>regione</em></strong></span> <span class='ocrx_word' id='word_1_55' title='bbox 523 745 808 805; x_wconf 82' lang='lat' dir='ltr'><strong><em>propinquum</em></strong></span> <span class='ocrx_word' id='word_1_56' title='bbox 824 778 838 802; x_wconf 86' lang='lat'><strong>,</strong></span> <span class='ocrx_word' id='word_1_57' title='bbox 869 741 913 790; x_wconf 70' lang='grc' dir='ltr'><strong><em>ὃ·</em></strong></span> <span class='ocrx_word' id='word_1_58' title='bbox 931 746 1068 805; x_wconf 84' lang='lat' dir='ltr'><strong><em>quod,</em></strong></span> <span class='ocrx_word' id='word_1_59' title='bbox 1081 744 1221 809; x_wconf 78' lang='lat' dir='ltr'><strong><em>sicubi</em></strong></span> <span class='ocrx_word' id='word_1_60' title='bbox 1233 750 1394 806; x_wconf 83' lang='lat' dir='ltr'><strong><em>populo</em></strong></span> <span class='ocrx_word' id='word_1_61' title='bbox 1409 748 1578 793; x_wconf 88' lang='lat' dir='ltr'><strong><em>Rorna-</em></strong></span> 
     </span>
     <span class='ocr_line' id='line_1_9' title="bbox 291 811 1579 880; baseline 0.003 -19"><span class='ocrx_word' id='word_1_62' title='bbox 291 835 348 862; x_wconf 85' lang='lat' dir='ltr'><strong><em>no</em></strong></span> <span class='ocrx_word' id='word_1_63' title='bbox 359 818 448 876; x_wconf 72' lang='lat' dir='ltr'><strong><em>fita</em></strong></span> <span class='ocrx_word' id='word_1_64' title='bbox 464 816 647 876; x_wconf 85' lang='lat' dir='ltr'><strong><em>fortuna</em></strong></span> <span class='ocrx_word' id='word_1_65' title='bbox 678 818 810 870; x_wconf 82' lang='lat' dir='ltr'><strong><em>labet,</em></strong></span> <span class='ocrx_word' id='word_1_66' title='bbox 829 820 1027 878; x_wconf 79' lang='lat' dir='ltr'><strong><em>antiquos</em></strong></span> <span class='ocrx_word' id='word_1_67' title='bbox 1045 820 1213 864; x_wconf 87' lang='lat' dir='ltr'><strong><em>animos</em></strong></span> <span class='ocrx_word' id='word_1_68' title='bbox 1231 821 1390 880; x_wconf 85' lang='lat' dir='ltr'><strong><em>regibus</em></strong></span> <span class='ocrx_word' id='word_1_69' title='bbox 1397 820 1494 880; x_wconf 80' lang='lat' dir='ltr'><strong><em>fitis</em></strong></span> <span class='ocrx_word' id='word_1_70' title='bbox 1505 811 1579 867; x_wconf 58' lang='lat' dir='ltr'><strong><em>⁴⁴›Ji--</em></strong></span> 
     </span>
     <span class='ocr_line' id='line_1_10' title="bbox 293 888 1581 952; baseline 0.003 -18"><span class='ocrx_word' id='word_1_71' title='bbox 293 892 440 935; x_wconf 80' lang='lat' dir='ltr'><strong><em>deatur</em></strong></span> <span class='ocrx_word' id='word_1_72' title='bbox 450 888 724 952; x_wconf 82' lang='lat' dir='ltr'><strong><em>poffefacere.</em></strong></span> <span class='ocrx_word' id='word_1_73' title='bbox 757 890 883 934; x_wconf 85' lang='lat' dir='ltr'><strong><em>Dum</em></strong></span> <span class='ocrx_word' id='word_1_74' title='bbox 909 891 1074 951; x_wconf 74' lang='lat' dir='ltr'><strong><em>integrat</em></strong></span> <span class='ocrx_word' id='word_1_75' title='bbox 1091 907 1153 936; x_wconf 84' lang='lat' dir='ltr'><strong><em>res</em></strong></span> <span class='ocrx_word' id='word_1_76' title='bbox 1169 890 1196 911; x_wconf 66' lang='lat'>⁴</span> <span class='ocrx_word' id='word_1_77' title='bbox 1209 891 1233 915; x_wconf 64' lang='lat'><strong><em>⁴⁶</em></strong></span> <span class='ocrx_word' id='word_1_78' title='bbox 1251 893 1370 951; x_wconf 85' lang='lat' dir='ltr'><strong><em>apud</em></strong></span> <span class='ocrx_word' id='word_1_79' title='bbox 1388 892 1581 938; x_wconf 86' lang='lat' dir='ltr'><strong><em>animum</em></strong></span> 
     </span>
     <span class='ocr_line' id='line_1_11' title="bbox 281 962 1579 1026; baseline 0.002 -19"><span class='ocrx_word' id='word_1_80' title='bbox 281 963 326 1023; x_wconf 89' lang='lat' dir='ltr'><em>s</em></span> <span class='ocrx_word' id='word_1_81' title='bbox 317 981 414 1007; x_wconf 87' lang='lat' dir='ltr'><strong><em>uum</em></strong></span> <span class='ocrx_word' id='word_1_82' title='bbox 445 963 595 1023; x_wconf 80' lang='lat' dir='ltr'><strong><em>Persea</em></strong></span> <span class='ocrx_word' id='word_1_83' title='bbox 623 963 758 1007; x_wconf 80' lang='lat' dir='ltr'><strong><em>dehere</em></strong></span> <span class='ocrx_word' id='word_1_84' title='bbox 773 996 788 1019; x_wconf 89' lang='lat'>‚</span> <span class='ocrx_word' id='word_1_85' title='bbox 811 977 947 1008; x_wconf 86' lang='lat' dir='ltr'><strong><em>utrum</em></strong></span> <span class='ocrx_word' id='word_1_86' title='bbox 962 962 1160 1026; x_wconf 80' lang='lat' dir='ltr'><strong><em>‚singula</em></strong></span> <span class='ocrx_word' id='word_1_87' title='bbox 1183 962 1438 1010; x_wconf 78' lang='lat' dir='ltr'><strong><em>concedendo</em></strong></span> <span class='ocrx_word' id='word_1_88' title='bbox 1455 999 1470 1022; x_wconf 92' lang='lat'>‚</span> <span class='ocrx_word' id='word_1_89' title='bbox 1494 982 1579 1010; x_wconf 83' lang='lat' dir='ltr'><strong><em>nu·-</em></strong></span> 
     </span>
     <span class='ocr_line' id='line_1_12' title="bbox 294 1036 1579 1099; baseline 0.002 -18"><span class='ocrx_word' id='word_1_90' title='bbox 294 1039 423 1081; x_wconf 81' lang='lat' dir='ltr'><strong><em>datus</em></strong></span> <span class='ocrx_word' id='word_1_91' title='bbox 446 1039 506 1080; x_wconf 86' lang='lat' dir='ltr'><strong><em>ad</em></strong></span> <span class='ocrx_word' id='word_1_92' title='bbox 533 1051 759 1081; x_wconf 83' lang='lat' dir='ltr'><strong><em>extremum</em></strong></span> <span class='ocrx_word' id='word_1_93' title='bbox 788 1036 936 1096; x_wconf 81' lang='lat' dir='ltr'><strong><em>opibus</em></strong></span> <span class='ocrx_word' id='word_1_94' title='bbox 970 1036 1219 1096; x_wconf 76' lang='lat' dir='ltr'><strong><em>extorrisque</em></strong></span> <span class='ocrx_word' id='word_1_95' title='bbox 1245 1055 1392 1099; x_wconf 84' lang='lat' dir='ltr'><strong><em>regno,</em></strong></span> <span class='ocrx_word' id='word_1_96' title='bbox 1422 1040 1579 1084; x_wconf 85' lang='lat' dir='ltr'><strong><em>Samo-</em></strong></span> 
     </span>
     <span class='ocr_line' id='line_1_13' title="bbox 292 1109 1578 1169; baseline 0.001 -16"><span class='ocrx_word' id='word_1_97' title='bbox 292 1110 495 1153; x_wconf 79' lang='lat' dir='ltr'><strong><em>thraciam</em></strong></span> <span class='ocrx_word' id='word_1_98' title='bbox 526 1111 706 1153; x_wconf 82' lang='lat' dir='ltr'><strong><em>aliamve</em></strong></span> <span class='ocrx_word' id='word_1_99' title='bbox 739 1126 863 1169; x_wconf 87' lang='lat' dir='ltr'><strong><em>quarn</em></strong></span> <span class='ocrx_word' id='word_1_100' title='bbox 889 1109 1070 1168; x_wconf 78' lang='lat' dir='ltr'><strong><em>insulam</em></strong></span> <span class='ocrx_word' id='word_1_101' title='bbox 1092 1124 1223 1169; x_wconf 81' lang='lat' dir='ltr'><strong><em>petere</em></strong></span> <span class='ocrx_word' id='word_1_102' title='bbox 1255 1111 1308 1154; x_wconf 84' lang='lat' dir='ltr'><strong><em>ab</em></strong></span> <span class='ocrx_word' id='word_1_103' title='bbox 1342 1112 1578 1167; x_wconf 87' lang='lat' dir='ltr'><strong><em>Romanis,</em></strong></span> 
     </span>
     <span class='ocr_line' id='line_1_14' title="bbox 294 1182 1577 1248; baseline -0.001 -21"><span class='ocrx_word' id='word_1_104' title='bbox 294 1183 368 1228; x_wconf 75' lang='lat' dir='ltr'><strong><em>uhi</em></strong></span> <span class='ocrx_word' id='word_1_105' title='bbox 390 1184 585 1243; x_wconf 72' lang='lat' dir='ltr'><strong><em>privatus</em></strong></span> <span class='ocrx_word' id='word_1_106' title='bbox 599 1183 800 1248; x_wconf 84' lang='lat' dir='ltr'><strong><em>superstes</em></strong></span> <span class='ocrx_word' id='word_1_107' title='bbox 821 1199 942 1243; x_wconf 78' lang='lat' dir='ltr'><strong><em>regno</em></strong></span> <span class='ocrx_word' id='word_1_108' title='bbox 956 1182 1043 1241; x_wconf 89' lang='lat' dir='ltr'><strong><em>suo</em></strong></span> <span class='ocrx_word' id='word_1_109' title='bbox 1062 1184 1107 1226; x_wconf 87' lang='lat' dir='ltr'><strong><em>in</em></strong></span> <span class='ocrx_word' id='word_1_110' title='bbox 1126 1197 1330 1228; x_wconf 85' lang='lat' dir='ltr'><strong><em>contemtu</em></strong></span> <span class='ocrx_word' id='word_1_111' title='bbox 1347 1197 1467 1242; x_wconf 80' lang='lat' dir='ltr'><strong><em>atque</em></strong></span> <span class='ocrx_word' id='word_1_112' title='bbox 1484 1185 1577 1227; x_wconf 92' lang='lat' dir='ltr'><strong><em>ino-</em></strong></span> 
     </span>
     <span class='ocr_line' id='line_1_15' title="bbox 288 1255 1580 1317; baseline 0 -17"><span class='ocrx_word' id='word_1_113' title='bbox 288 1257 371 1317; x_wconf 79' lang='lat' dir='ltr'><strong><em>pia</em></strong></span> <span class='ocrx_word' id='word_1_114' title='bbox 400 1256 685 1317; x_wconf 71' lang='lat' dir='ltr'><strong><em>consenescat,</em></strong></span> <span class='ocrx_word' id='word_1_115' title='bbox 714 1259 865 1300; x_wconf 82' lang='lat' dir='ltr'><strong><em>malit:</em></strong></span> <span class='ocrx_word' id='word_1_116' title='bbox 889 1273 946 1300; x_wconf 85' lang='lat' dir='ltr'><strong><em>an</em></strong></span> <span class='ocrx_word' id='word_1_117' title='bbox 963 1288 977 1311; x_wconf 87' lang='lat'>‚</span> <span class='ocrx_word' id='word_1_118' title='bbox 1009 1271 1194 1301; x_wconf 86' lang='lat' dir='ltr'><strong><em>armatus</em></strong></span> <span class='ocrx_word' id='word_1_119' title='bbox 1219 1257 1377 1301; x_wconf 74' lang='lat' dir='ltr'><strong><em>vindex</em></strong></span> <span class='ocrx_word' id='word_1_120' title='bbox 1392 1255 1580 1314; x_wconf 73' lang='lat' dir='ltr'><strong><em>fortunae</em></strong></span> 
     </span>
     <span class='ocr_line' id='line_1_16' title="bbox 296 1327 1580 1396; baseline -0.002 -21"><span class='ocrx_word' id='word_1_121' title='bbox 296 1330 594 1392; x_wconf 62' lang='lat' dir='ltr'><strong><em>dignitatisffle</em></strong></span> <span class='ocrx_word' id='word_1_122' title='bbox 604 1331 719 1390; x_wconf 83' lang='lat' dir='ltr'><strong><em>suae,</em></strong></span> <span class='ocrx_word' id='word_1_123' title='bbox 737 1332 799 1375; x_wconf 82' lang='lat' dir='ltr'><strong><em>ita</em></strong></span> <span class='ocrx_word' id='word_1_124' title='bbox 816 1343 862 1374; x_wconf 88' lang='lat' dir='ltr'><strong><em>ut</em></strong></span> <span class='ocrx_word' id='word_1_125' title='bbox 879 1331 969 1374; x_wconf 81' lang='lat' dir='ltr'><strong><em>viro</em></strong></span> <span class='ocrx_word' id='word_1_126' title='bbox 985 1327 1098 1386; x_wconf 86' lang='lat' dir='ltr'><strong><em>forti</em></strong></span> <span class='ocrx_word' id='word_1_127' title='bbox 1126 1331 1301 1390; x_wconf 81' lang='lat' dir='ltr'><strong><em>dignum</em></strong></span> <span class='ocrx_word' id='word_1_128' title='bbox 1319 1329 1379 1396; x_wconf 82' lang='lat' dir='ltr'><strong><em>fit</em></strong></span> <span class='ocrx_word' id='word_1_129' title='bbox 1394 1363 1410 1385; x_wconf 87' lang='lat'><em>‚</em></span> <span class='ocrx_word' id='word_1_130' title='bbox 1427 1329 1580 1390; x_wconf 83' lang='lat' dir='ltr'><strong><em>patia-</em></strong></span> 
     </span>
     <span class='ocr_line' id='line_1_17' title="bbox 294 1402 1584 1464; baseline -0.002 -16"><span class='ocrx_word' id='word_1_131' title='bbox 294 1419 391 1460; x_wconf 82' lang='lat' dir='ltr'><strong><em>tur,</em></strong></span> <span class='ocrx_word' id='word_1_132' title='bbox 425 1406 690 1464; x_wconf 85' lang='lat' dir='ltr'><strong><em>quodcunque</em></strong></span> <span class='ocrx_word' id='word_1_133' title='bbox 718 1403 838 1462; x_wconf 87' lang='lat' dir='ltr'><strong><em>casus</em></strong></span> <span class='ocrx_word' id='word_1_134' title='bbox 866 1403 962 1446; x_wconf 84' lang='lat' dir='ltr'><strong><em>belli</em></strong></span> <span class='ocrx_word' id='word_1_135' title='bbox 997 1403 1138 1446; x_wconf 89' lang='lat' dir='ltr'><strong><em>tulerit</em></strong></span> <span class='ocrx_word' id='word_1_136' title='bbox 1151 1419 1171 1456; x_wconf 93' lang='lat'><em>;</em></span> <span class='ocrx_word' id='word_1_137' title='bbox 1199 1418 1273 1447; x_wconf 88' lang='lat' dir='ltr'><strong><em>aut</em></strong></span> <span class='ocrx_word' id='word_1_138' title='bbox 1297 1402 1425 1448; x_wconf 67' lang='lat' dir='ltr'><strong><em>viflor</em></strong></span> <span class='ocrx_word' id='word_1_139' title='bbox 1445 1402 1584 1447; x_wconf 86' lang='lat' dir='ltr'><strong><em>liberet</em></strong></span> 
     </span>
     <span class='ocr_line' id='line_1_18' title="bbox 295 1472 1583 1538; baseline -0.001 -17"><span class='ocrx_word' id='word_1_140' title='bbox 295 1478 429 1521; x_wconf 81' lang='lat' dir='ltr'><strong><em>orbem</em></strong></span> <span class='ocrx_word' id='word_1_141' title='bbox 454 1491 649 1522; x_wconf 85' lang='lat' dir='ltr'><strong><em>terrarum</em></strong></span> <span class='ocrx_word' id='word_1_142' title='bbox 679 1478 731 1521; x_wconf 85' lang='lat' dir='ltr'><strong><em>ab</em></strong></span> <span class='ocrx_word' id='word_1_143' title='bbox 764 1477 933 1535; x_wconf 88' lang='lat' dir='ltr'><strong><em>imperio</em></strong></span> <span class='ocrx_word' id='word_1_144' title='bbox 952 1475 1165 1521; x_wconf 71' lang='lat' dir='ltr'><strong><em>Romano.</em></strong></span> <span class='ocrx_word' id='word_1_145' title='bbox 1202 1477 1307 1520; x_wconf 90' lang='lat' dir='ltr'><strong><em>Non</em></strong></span> <span class='ocrx_word' id='word_1_146' title='bbox 1339 1472 1410 1538; x_wconf 81' lang='lat' dir='ltr'><strong><em>effi</em></strong></span> <span class='ocrx_word' id='word_1_147' title='bbox 1438 1476 1583 1520; x_wconf 85' lang='lat' dir='ltr'><strong><em>adrni-</em></strong></span> 
     </span>
     <span class='ocr_line' id='line_1_19' title="bbox 294 1548 1582 1607; baseline -0.003 -11"><span class='ocrx_word' id='word_1_148' title='bbox 294 1551 474 1596; x_wconf 84' lang='lat' dir='ltr'><strong><em>rabilius</em></strong></span> <span class='ocrx_word' id='word_1_149' title='bbox 488 1549 707 1594; x_wconf 87' lang='lat' dir='ltr'><strong><em>Romanos</em></strong></span> <span class='ocrx_word' id='word_1_150' title='bbox 723 1548 888 1593; x_wconf 84' lang='lat' dir='ltr'><strong><em>Groecia</em></strong></span> <span class='ocrx_word' id='word_1_151' title='bbox 897 1549 1001 1607; x_wconf 83' lang='lat' dir='ltr'><strong><em>pelli</em></strong></span> <span class='ocrx_word' id='word_1_152' title='bbox 1015 1581 1027 1603; x_wconf 92' lang='lat'>,</span> <span class='ocrx_word' id='word_1_153' title='bbox 1043 1564 1168 1607; x_wconf 76' lang='lat' dir='ltr'><strong><em>quam</em></strong></span> <span class='ocrx_word' id='word_1_154' title='bbox 1183 1548 1472 1593; x_wconf 82' lang='lat' dir='ltr'><strong><em>Hannibalem</em></strong></span> <span class='ocrx_word' id='word_1_155' title='bbox 1490 1549 1582 1592; x_wconf 80' lang='lat' dir='ltr'><strong><em>Ita·</em></strong></span> 
     </span>
     <span class='ocr_line' id='line_1_20' title="bbox 297 1618 1582 1684; baseline -0.002 -16"><span class='ocrx_word' id='word_1_156' title='bbox 297 1624 358 1668; x_wconf 87' lang='lat' dir='ltr'><strong><em>lia</em></strong></span> <span class='ocrx_word' id='word_1_157' title='bbox 366 1621 540 1682; x_wconf 82' lang='lat' dir='ltr'><strong><em>pulsum</em></strong></span> <span class='ocrx_word' id='word_1_158' title='bbox 564 1618 650 1684; x_wconf 70' lang='lat' dir='ltr'><strong><em>effe.</em></strong></span> <span class='ocrx_word' id='word_1_159' title='bbox 683 1639 830 1682; x_wconf 85' lang='lat' dir='ltr'><strong><em>neque,</em></strong></span> <span class='ocrx_word' id='word_1_160' title='bbox 850 1621 1050 1678; x_wconf 86' lang='lat' dir='ltr'><strong><em>Hercule,</em></strong></span> <span class='ocrx_word' id='word_1_161' title='bbox 1070 1622 1230 1679; x_wconf 72' lang='lat' dir='ltr'><strong><em>videre,</em></strong></span> <span class='ocrx_word' id='word_1_162' title='bbox 1248 1623 1318 1682; x_wconf 88' lang='lat' dir='ltr'><strong><em>qui</em></strong></span> <span class='ocrx_word' id='word_1_163' title='bbox 1342 1622 1582 1678; x_wconf 78' lang='lat' dir='ltr'><strong><em>conveniat,</em></strong></span> 
     </span>
     <span class='ocr_line' id='line_1_21' title="bbox 287 1694 1583 1759; baseline 0 -18"><span class='ocrx_word' id='word_1_164' title='bbox 287 1695 452 1755; x_wconf 84' lang='lat' dir='ltr'><strong><em>fratri,</em></strong></span> <span class='ocrx_word' id='word_1_165' title='bbox 487 1694 697 1759; x_wconf 60' lang='lat' dir='ltr'><strong><em>affebianti</em></strong></span> <span class='ocrx_word' id='word_1_166' title='bbox 707 1715 785 1756; x_wconf 83' lang='lat' dir='ltr'><strong><em>per</em></strong></span> <span class='ocrx_word' id='word_1_167' title='bbox 804 1695 1004 1755; x_wconf 86' lang='lat' dir='ltr'><strong><em>injuriam</em></strong></span> <span class='ocrx_word' id='word_1_168' title='bbox 1033 1711 1198 1756; x_wconf 87' lang='lat' dir='ltr'><strong><em>regnum</em></strong></span> <span class='ocrx_word' id='word_1_169' title='bbox 1213 1729 1228 1752; x_wconf 86' lang='lat'>‚</span> <span class='ocrx_word' id='word_1_170' title='bbox 1244 1696 1419 1756; x_wconf 84' lang='lat' dir='ltr'><strong><em>summa</em></strong></span> <span class='ocrx_word' id='word_1_171' title='bbox 1445 1696 1488 1739; x_wconf 84' lang='grc' dir='ltr'><strong><em>νὶ</em></strong></span> <span class='ocrx_word' id='word_1_172' title='bbox 1518 1713 1583 1741; x_wconf 84' lang='lat' dir='ltr'><strong><em>re·</em></strong></span> 
     </span>
     <span class='ocr_line' id='line_1_22' title="bbox 283 1766 1582 1836; baseline 0.001 -23"><span class='ocrx_word' id='word_1_173' title='bbox 283 1766 430 1836; x_wconf 71' lang='lat' dir='ltr'><strong><em>stitiffiz</em></strong></span> <span class='ocrx_word' id='word_1_174' title='bbox 444 1788 463 1823; x_wconf 91' lang='lat'><em>;</em></span> <span class='ocrx_word' id='word_1_175' title='bbox 497 1771 741 1831; x_wconf 77' lang='lat' dir='ltr'><strong><em>alienigenis</em></strong></span> <span class='ocrx_word' id='word_1_176' title='bbox 768 1771 863 1815; x_wconf 84' lang='lat' dir='ltr'><strong><em>bene</em></strong></span> <span class='ocrx_word' id='word_1_177' title='bbox 887 1783 1014 1829; x_wconf 85' lang='lat' dir='ltr'><strong><em>parto</em></strong></span> <span class='ocrx_word' id='word_1_178' title='bbox 1039 1786 1083 1814; x_wconf 91' lang='lat' dir='ltr'><strong><em>eo</em></strong></span> <span class='ocrx_word' id='word_1_179' title='bbox 1112 1772 1254 1815; x_wconf 81' lang='lat' dir='ltr'><strong><em>cedere.</em></strong></span> <span class='ocrx_word' id='word_1_180' title='bbox 1280 1768 1486 1834; x_wconf 82' lang='lat' dir='ltr'><strong><em>Postremo</em></strong></span> <span class='ocrx_word' id='word_1_181' title='bbox 1519 1771 1582 1814; x_wconf 77' lang='lat' dir='ltr'><strong><em>ita.</em></strong></span> 
     </span>
     <span class='ocr_line' id='line_1_23' title="bbox 296 1839 1581 1902; baseline 0.001 -16"><span class='ocrx_word' id='word_1_182' title='bbox 296 1843 401 1886; x_wconf 81' lang='lat' dir='ltr'><strong><em>bello</em></strong></span> <span class='ocrx_word' id='word_1_183' title='bbox 420 1839 462 1887; x_wconf 64' lang='grc' dir='ltr'><strong><em>δ’</em></strong></span> <span class='ocrx_word' id='word_1_184' title='bbox 476 1860 582 1901; x_wconf 80' lang='lat' dir='ltr'><strong><em>pace</em></strong></span> <span class='ocrx_word' id='word_1_185' title='bbox 602 1841 728 1902; x_wconf 80' lang='lat' dir='ltr'><strong><em>quaeri</em></strong></span> <span class='ocrx_word' id='word_1_186' title='bbox 746 1871 760 1895; x_wconf 85' lang='lat'>,</span> <span class='ocrx_word' id='word_1_187' title='bbox 789 1857 836 1887; x_wconf 86' lang='lat' dir='ltr'><strong><em>ut</em></strong></span> <span class='ocrx_word' id='word_1_188' title='bbox 859 1843 966 1887; x_wconf 90' lang='lat' dir='ltr'><strong><em>inter</em></strong></span> <span class='ocrx_word' id='word_1_189' title='bbox 981 1859 1122 1886; x_wconf 85' lang='lat' dir='ltr'><strong><em>omnes</em></strong></span> <span class='ocrx_word' id='word_1_190' title='bbox 1142 1844 1383 1899; x_wconf 77' lang='lat' dir='ltr'><strong><em>conveniat,</em></strong></span> <span class='ocrx_word' id='word_1_191' title='bbox 1403 1859 1476 1888; x_wconf 88' lang='lat' dir='ltr'><strong><em>nec</em></strong></span> <span class='ocrx_word' id='word_1_192' title='bbox 1492 1857 1581 1887; x_wconf 69' lang='lat' dir='ltr'><strong><em>tun-</em></strong></span> 
     </span>
     <span class='ocr_line' id='line_1_24' title="bbox 291 1911 1581 1979; baseline 0.001 -20"><span class='ocrx_word' id='word_1_193' title='bbox 291 1916 391 1975; x_wconf 84' lang='lat' dir='ltr'><strong><em>pius</em></strong></span> <span class='ocrx_word' id='word_1_194' title='bbox 409 1916 632 1975; x_wconf 72' lang='lat' dir='ltr'><strong><em>quidquam</em></strong></span> <span class='ocrx_word' id='word_1_195' title='bbox 660 1911 729 1977; x_wconf 70' lang='lat' dir='ltr'><strong><em>effi}</em></strong></span> <span class='ocrx_word' id='word_1_196' title='bbox 742 1949 756 1971; x_wconf 90' lang='lat'>‚</span> <span class='ocrx_word' id='word_1_197' title='bbox 787 1933 910 1974; x_wconf 87' lang='lat' dir='ltr'><strong><em>quam</em></strong></span> <span class='ocrx_word' id='word_1_198' title='bbox 916 1914 1012 1979; x_wconf 82' lang='lat' dir='ltr'><strong><em>fine</em></strong></span> <span class='ocrx_word' id='word_1_199' title='bbox 1042 1915 1259 1961; x_wconf 81' lang='lat' dir='ltr'><strong><em>certamine</em></strong></span> <span class='ocrx_word' id='word_1_200' title='bbox 1278 1911 1414 1978; x_wconf 77' lang='lat' dir='ltr'><strong><em>ceffi&#39;ffe</em></strong></span> <span class='ocrx_word' id='word_1_201' title='bbox 1432 1931 1581 1976; x_wconf 83' lang='lat' dir='ltr'><strong><em>regno:</em></strong></span> 
     </span>
     <span class='ocr_line' id='line_1_25' title="bbox 298 1989 1584 2050; baseline 0 -17"><span class='ocrx_word' id='word_1_202' title='bbox 298 2007 371 2033; x_wconf 83' lang='lat' dir='ltr'><strong><em>nec</em></strong></span> <span class='ocrx_word' id='word_1_203' title='bbox 394 1991 637 2048; x_wconf 68' lang='lat' dir='ltr'><strong><em>praeclarius</em></strong></span> <span class='ocrx_word' id='word_1_204' title='bbox 658 1990 913 2047; x_wconf 84' lang='lat' dir='ltr'><strong><em>quidquam,</em></strong></span> <span class='ocrx_word' id='word_1_205' title='bbox 942 2006 1065 2048; x_wconf 81' lang='lat' dir='ltr'><strong><em>quam</em></strong></span> <span class='ocrx_word' id='word_1_206' title='bbox 1078 2007 1157 2048; x_wconf 82' lang='lat' dir='ltr'><strong><em>pro</em></strong></span> <span class='ocrx_word' id='word_1_207' title='bbox 1177 1989 1380 2050; x_wconf 84' lang='lat' dir='ltr'><strong><em>dignitate</em></strong></span> <span class='ocrx_word' id='word_1_208' title='bbox 1409 2005 1459 2033; x_wconf 87' lang='lat' dir='ltr'><strong><em>ac</em></strong></span> <span class='ocrx_word' id='word_1_209' title='bbox 1487 1997 1584 2038; x_wconf 59' lang='lat' dir='ltr'><strong><em>ma!&gt;</em></strong></span> 
     </span>
     <span class='ocr_line' id='line_1_26' title="bbox 291 2058 1184 2126; baseline 0.003 -23"><span class='ocrx_word' id='word_1_210' title='bbox 291 2059 435 2126; x_wconf 83' lang='lat' dir='ltr'><strong><em>jestate</em></strong></span> <span class='ocrx_word' id='word_1_211' title='bbox 463 2078 622 2104; x_wconf 83' lang='lat' dir='ltr'><strong><em>ornnem.</em></strong></span> <span class='ocrx_word' id='word_1_212' title='bbox 631 2059 854 2117; x_wconf 83' lang='lat' dir='ltr'><strong><em>fortunam</em></strong></span> <span class='ocrx_word' id='word_1_213' title='bbox 873 2077 1082 2120; x_wconf 77' lang='lat' dir='ltr'><strong><em>expertum</em></strong></span> <span class='ocrx_word' id='word_1_214' title='bbox 1100 2058 1184 2123; x_wconf 72' lang='lat' dir='ltr'><strong><em>effe.</em></strong></span> 
     </span>
    </p>

    <p class='ocr_par' dir='ltr' id='par_1_3' title="bbox 298 2130 1583 2564">
     <span class='ocr_line' id='line_1_27' title="bbox 365 2130 1583 2194; baseline 0.002 -18"><span class='ocrx_word' id='word_1_215' title='bbox 365 2132 432 2176; x_wconf 88' lang='lat' dir='ltr'><strong><em>LI.</em></strong></span> <span class='ocrx_word' id='word_1_216' title='bbox 453 2130 584 2176; x_wconf 86' lang='lat' dir='ltr'><strong><em>Pellae</em></strong></span> <span class='ocrx_word' id='word_1_217' title='bbox 600 2166 614 2189; x_wconf 91' lang='lat'><strong>,</strong></span> <span class='ocrx_word' id='word_1_218' title='bbox 631 2131 676 2176; x_wconf 87' lang='lat' dir='ltr'><strong><em>in</em></strong></span> <span class='ocrx_word' id='word_1_219' title='bbox 695 2143 846 2178; x_wconf 86' lang='lat' dir='ltr'><strong><em>vetere</em></strong></span> <span class='ocrx_word' id='word_1_220' title='bbox 867 2131 986 2194; x_wconf 85' lang='lat' dir='ltr'><strong><em>regia</em></strong></span> <span class='ocrx_word' id='word_1_221' title='bbox 1008 2131 1311 2178; x_wconf 76' lang='lat' dir='ltr'><strong><em>Macedonum</em></strong></span> <span class='ocrx_word' id='word_1_222' title='bbox 1326 2165 1340 2188; x_wconf 91' lang='lat'>,</span> <span class='ocrx_word' id='word_1_223' title='bbox 1358 2130 1450 2178; x_wconf 91' lang='lat' dir='ltr'><strong><em>hoc</em></strong></span> <span class='ocrx_word' id='word_1_224' title='bbox 1468 2140 1583 2178; x_wconf 66' lang='lat' dir='ltr'><strong><em>con-i</em></strong></span> 
     </span>
     <span class='ocr_line' id='line_1_28' title="bbox 298 2203 1581 2266; baseline 0 -16"><span class='ocrx_word' id='word_1_225' title='bbox 298 2203 443 2250; x_wconf 78' lang='lat' dir='ltr'><strong><em>filium</em></strong></span> <span class='ocrx_word' id='word_1_226' title='bbox 474 2215 582 2249; x_wconf 83' lang='lat' dir='ltr'><strong><em>erat.</em></strong></span> <span class='ocrx_word' id='word_1_227' title='bbox 616 2206 820 2250; x_wconf 78' lang='lat' dir='ltr'><strong><em>Ceramus</em></strong></span> <span class='ocrx_word' id='word_1_228' title='bbox 837 2223 949 2266; x_wconf 86' lang='lat' dir='ltr'><strong><em>ergo,</em></strong></span> <span class='ocrx_word' id='word_1_229' title='bbox 969 2203 1116 2266; x_wconf 87' lang='lat' dir='ltr'><strong><em>inquit</em></strong></span> <span class='ocrx_word' id='word_1_230' title='bbox 1133 2238 1147 2261; x_wconf 92' lang='lat'>‚</span> <span class='ocrx_word' id='word_1_231' title='bbox 1173 2206 1283 2249; x_wconf 87' lang='lat' dir='ltr'><strong><em>Diis</em></strong></span> <span class='ocrx_word' id='word_1_232' title='bbox 1301 2205 1396 2249; x_wconf 83' lang='lat' dir='ltr'><strong><em>hene</em></strong></span> <span class='ocrx_word' id='word_1_233' title='bbox 1415 2203 1581 2260; x_wconf 79' lang='lat' dir='ltr'><strong><em>juvan-</em></strong></span> 
     </span>
     <span class='ocr_line' id='line_1_29' title="bbox 298 2275 1583 2340; baseline 0 -16"><span class='ocrx_word' id='word_1_234' title='bbox 298 2282 410 2324; x_wconf 75' lang='lat' dir='ltr'><strong><em>tibus</em></strong></span> <span class='ocrx_word' id='word_1_235' title='bbox 432 2314 446 2334; x_wconf 86' lang='lat'>‚</span> <span class='ocrx_word' id='word_1_236' title='bbox 481 2281 646 2338; x_wconf 85' lang='lat' dir='ltr'><strong><em>quando</em></strong></span> <span class='ocrx_word' id='word_1_237' title='bbox 677 2282 739 2323; x_wconf 88' lang='lat' dir='ltr'><strong><em>ita</em></strong></span> <span class='ocrx_word' id='word_1_238' title='bbox 769 2279 961 2336; x_wconf 72' lang='lat' dir='ltr'><strong><em>videtur,</em></strong></span> <span class='ocrx_word' id='word_1_239' title='bbox 996 2280 1174 2323; x_wconf 82' lang='lat' dir='ltr'><strong><em>bellum:</em></strong></span> <span class='ocrx_word' id='word_1_240' title='bbox 1210 2275 1436 2340; x_wconf 83' lang='lat' dir='ltr'><strong><em>literisque</em></strong></span> <span class='ocrx_word' id='word_1_241' title='bbox 1462 2276 1583 2324; x_wconf 78' lang='lat' dir='ltr'><strong><em>circa</em></strong></span> 
     </span>
     <span class='ocr_line' id='line_1_30' title="bbox 300 2348 1582 2415; baseline 0 -19"><span class='ocrx_word' id='word_1_242' title='bbox 300 2350 538 2414; x_wconf 66' lang='lat' dir='ltr'><strong><em>praefe&amp;os</em></strong></span> <span class='ocrx_word' id='word_1_243' title='bbox 565 2350 773 2409; x_wconf 83' lang='lat' dir='ltr'><strong><em>dimiffis‚</em></strong></span> <span class='ocrx_word' id='word_1_244' title='bbox 809 2350 978 2397; x_wconf 79' lang='lat' dir='ltr'><strong><em>Citium</em></strong></span> <span class='ocrx_word' id='word_1_245' title='bbox 1015 2348 1329 2415; x_wconf 74' lang='lat' dir='ltr'><strong><em>(Macedoniae</em></strong></span> <span class='ocrx_word' id='word_1_246' title='bbox 1360 2349 1582 2413; x_wconf 85' lang='lat' dir='ltr'><strong><em>oppidum</em></strong></span> 
     </span>
     <span class='ocr_line' id='line_1_31' title="bbox 299 2422 1581 2488; baseline -0.002 -17"><span class='ocrx_word' id='word_1_247' title='bbox 299 2424 393 2488; x_wconf 88' lang='lat' dir='ltr'><strong><em>est)</em></strong></span> <span class='ocrx_word' id='word_1_248' title='bbox 426 2425 581 2488; x_wconf 85' lang='lat' dir='ltr'><strong><em>copias</em></strong></span> <span class='ocrx_word' id='word_1_249' title='bbox 612 2442 770 2472; x_wconf 87' lang='lat' dir='ltr'><strong><em>omnes</em></strong></span> <span class='ocrx_word' id='word_1_250' title='bbox 803 2424 1046 2473; x_wconf 86' lang='lat' dir='ltr'><strong><em>contrahit.</em></strong></span> <span class='ocrx_word' id='word_1_251' title='bbox 1084 2424 1175 2487; x_wconf 86' lang='lat' dir='ltr'><strong><em>ipse</em></strong></span> <span class='ocrx_word' id='word_1_252' title='bbox 1209 2435 1390 2471; x_wconf 83' lang='lat' dir='ltr'><strong><em>centum</em></strong></span> <span class='ocrx_word' id='word_1_253' title='bbox 1423 2422 1581 2470; x_wconf 84' lang='lat' dir='ltr'><strong><em>hostiis</em></strong></span> 
     </span>
     <span class='ocr_line' id='line_1_32' title="bbox 300 2493 1580 2564; baseline -0.002 -20"><span class='ocrx_word' id='word_1_254' title='bbox 300 2497 521 2547; x_wconf 69' lang='lat' dir='ltr'><strong><em>sacrificio</em></strong></span> <span class='ocrx_word' id='word_1_255' title='bbox 555 2498 760 2564; x_wconf 81' lang='lat' dir='ltr'><strong><em>regaliter</em></strong></span> <span class='ocrx_word' id='word_1_256' title='bbox 789 2498 1044 2558; x_wconf 72' lang='lat' dir='ltr'><strong><em>Minervae,</em></strong></span> <span class='ocrx_word' id='word_1_257' title='bbox 1079 2513 1217 2563; x_wconf 81' lang='lat' dir='ltr'><strong><em>quam</em></strong></span> <span class='ocrx_word' id='word_1_258' title='bbox 1252 2507 1424 2547; x_wconf 85' lang='lat' dir='ltr'><strong><em>vocant</em></strong></span> <span class='ocrx_word' id='word_1_259' title='bbox 1452 2493 1580 2545; x_wconf 72' lang='lat' dir='ltr'>Alci=</span> 
     </span>
    </p>
   </div>
  </div>
 </body>
</html>
