1673 3052
299 199 360 259 46
652 197 1221 248 T1T1L1V1=1

298 327 444 371 agrum
474 323 565 355 cum
587 311 766 354 exercitu
801 324 945 354 contra
960 308 1103 368 faedus
1131 311 1326 370 Delphos
1349 308 1427 369 isti
1441 324 1458 356 ἐ
1486 307 1587 369 Βγό

298 387 455 445 {antiis
486 386 579 428 item
610 397 752 428 contra
771 381 918 440 foedus
943 381 1080 446 mifisti
1108 385 1292 429 auxilia.
1330 383 1436 429 Cum
1454 384 1586 430 Baeo-

296 460 355 504 tis
370 492 383 514 ‚
402 457 536 517 sociis
557 458 730 522 nostris,
745 456 945 517 secretam
963 457 1042 501 tibi
1069 455 1152 519 iRsi
1160 457 1400 515 societatem
1417 491 1431 514 ,
1460 474 1585 517 quarn

296 550 386 578 non
420 533 568 577 licebat
583 565 596 587 ,
622 530 902 588 jurejurando
924 531 1126 596 pepigisti.
1155 531 1370 576 Thebanos
1399 536 1586 593 legatos,

295 603 498 663 Eversum
517 599 560 648 δ’
574 604 830 648 Callicritum
845 638 859 659 ‚
878 606 1080 648 venientes
1099 620 1126 647 a
1143 603 1264 647 nobis
1278 637 1292 658 ‚
1309 617 1475 664 quaerere
1495 619 1588 648 ma-
1645 645 1650 650 .

295 679 367 731 lo,
396 677 488 735 quis
506 674 777 734 interfecerit,
807 693 930 735 quam
959 693 1137 738 arguere.
1166 677 1221 720 In
1243 678 1411 721 AEtolia
1438 679 1588 722 bellum

295 746 534 810 intestinum
555 744 598 793 Gt
616 749 739 793 caedes
751 748 990 807 principum
1003 766 1081 808 per
1099 765 1200 808 quos
1215 781 1229 801 ,
1259 747 1346 811 nisi
1360 750 1438 808 per
1459 764 1554 794 tuos
1571 781 1585 805 ,

286 817 411 876 safiae
432 820 561 864 videri
573 817 782 883 poffunt?
819 821 1013 879 Dolopes
1043 838 1071 864 a
1100 836 1136 865 te
1163 819 1253 880 ipsi>
1283 820 1589 885 evastati'sunt.

298 894 507 938 Eumenes
537 911 611 938 rex
625 927 640 950 ,
660 895 711 937 ab
733 895 873 939 Roma
893 911 982 939 cum
1013 897 1058 939 in
1079 913 1244 956 regnum
1274 896 1441 952 rediret,
1461 913 1588 957 prope

298 980 344 1010 ut
374 965 540 1010 vic‘tima
557 966 742 1025 Delphis
761 967 808 1010 in
815 966 988 1027 sacrato
1013 971 1104 1011 loco
1124 982 1220 1012 ante
1237 985 1336 1013 aras
1353 968 1557 1015 maHacus
1571 1003 1587 1024 ,

299 1056 411 1097 quem
435 1036 639 1100 insimulet
655 1071 669 1095 ,
697 1039 813 1098 piget
831 1037 983 1097 referre.
1021 1039 1126 1099 Quae
1146 1040 1288 1100 hospes
1305 1041 1473 1085 Brundi
1490 1056 1588 1086 inus

297 1114 457 1156 occulta
465 1109 670 1168 facinora
690 1111 867 1167 indicet,
903 1126 1052 1156 certum
1085 1113 1214 1157 liabeo
1229 1147 1246 1168 ,
1281 1109 1494 1172 &scripta
1513 1114 1588 1157 tibi

298 1186 441 1229 omnia
466 1186 518 1229 ab
547 1186 689 1229 Roma
710 1181 784 1246 effe
799 1218 812 1238 ‚
840 1180 883 1229 Θ
902 1187 1058 1245 legatos
1085 1200 1177 1230 tuos
1198 1183 1454 1247 renuntiaffi.
1483 1189 1587 1232 Haec

295 1276 349 1302 ne
371 1261 597 1303 dicerentur
613 1275 639 1301 a
658 1275 720 1302 me
733 1290 746 1311 ,
769 1275 853 1302 uno
871 1259 993 1301 modo
1009 1260 1137 1302 vitare
1147 1257 1318 1320 potuisti
1332 1291 1346 1313 ,
1369 1275 1455 1302 non
1476 1276 1589 1318 quee-

299 1332 423 1375 rendo
440 1364 454 1386 ,
484 1348 608 1389 quam
629 1332 680 1374 ob
711 1330 878 1389 causam
900 1332 1102 1374 exercitus
1121 1332 1166 1374 in
1184 1329 1478 1376 A1acedoniasn
1499 1347 1591 1376 tra·

291 1404 542 1458 jicerentur,
575 1417 652 1448 aut
661 1401 857 1464 praestdia
889 1404 935 1447 in
949 1403 1162 1462 fhciorurn
1183 1403 1297 1448 urbes
1327 1405 1590 1451 mitteremus.

301 1476 511 1535 Quaerenti
533 1477 607 1520 tibi
614 1475 837 1535 superbius
855 1473 1115 1537 tacuiffemus
1130 1511 1145 1531 ,
1171 1493 1296 1536 quam
1312 1493 1408 1520 vera
1423 1475 1590 1535 respon-

301 1551 455 1593 dimus.
488 1550 693 1608 Equidem
713 1565 795 1607 pro
815 1563 991 1608 paterno
1010 1549 1140 1613 nostro
1159 1550 1336 1609 hospitio
1347 1547 1477 1606 faveo
1495 1567 1590 1593 ora-

299 1623 409 1666 tioni
436 1637 513 1666 tuce
528 1655 541 1677 ‚
562 1617 604 1665 δ’
623 1635 719 1680 opto
736 1655 750 1676 ‚
769 1637 816 1665 ut
843 1622 1027 1681 aliquam
1047 1623 1152 1666 milti
1171 1624 1386 1667 materiam
1403 1621 1589 1681 praebeas

301 1696 464 1754 agendae
494 1709 573 1738 tuae
603 1694 720 1753 apud
736 1694 933 1752 senatum
955 1693 1102 1753 causae.

363 1766 478 1811 XLI.
501 1765 574 1810 Ad
602 1780 653 1811 ea
672 1779 750 1810 rex
770 1783 781 1811 :
816 1767 985 1811 Bonam
1013 1766 1180 1826 causam
1195 1799 1208 1822 ‚
1227 1764 1278 1829 fi
1289 1768 1406 1826 apud
1421 1765 1585 1823 judices

298 1858 432 1900 (equos
460 1856 671 1901 ageretur,
707 1843 823 1900 apud
846 1841 1000 1900 eosdem
1032 1839 1074 1886 ὃ·
1099 1842 1352 1900 accusatores
1371 1839 1587 1895 &judices

298 1931 438 1974 agam.
472 1915 630 1959 Eorum
650 1931 783 1960 autem
800 1949 813 1971 ,
829 1932 914 1975 quae
936 1913 1088 1970 objecJa
1097 1915 1206 1975 sunt
1220 1915 1325 1959 milzi
1339 1949 1351 1969 ,
1363 1917 1520 1974 partim
1539 1933 1587 1960 ea

287 1988 415 2045 sunt,
433 1990 579 2048 quibus
597 1989 731 2047 nescio
748 2007 804 2034 an
819 1990 991 2050 gloriari
1009 1991 1172 2032 debeam
1184 2006 1203 2042 ;
1214 1989 1397 2047 partim,
1410 2003 1497 2048 quoe
1506 1987 1586 2046 fa-

299 2062 372 2104 teri
389 2077 474 2104 non
493 2060 718 2119 erubescam
733 2078 751 2115 ;
768 2061 950 2120 partim,
968 2077 1053 2119 qua:
1073 2062 1188 2104 verbo
1208 2058 1364 2115 objecta
1378 2063 1496 2106 verbo
1514 2076 1585 2106 ne-

296 2149 393 2193 gare
397 2132 470 2197 fit.
494 2134 615 2193 Quid
629 2135 736 2178 enim
751 2132 820 2196 ‚si
832 2134 987 2194 legibus
1007 2133 1141 2196 vestris
1162 2132 1282 2177 lzodie
1299 2150 1386 2178 reus
1389 2134 1500 2198 sim,
1514 2149 1590 2180 aut

300 2207 430 2251 index
445 2206 722 2269 Brundisinus
735 2241 748 2264 ,
765 2223 839 2252 aut
851 2209 1056 2252 Eumenes
1075 2209 1179 2252 milzi
1199 2206 1392 2263 objiciat,
1410 2222 1461 2252 ut
1474 2226 1589 2254 acca·-

287 2281 384 2340 Jare
393 2281 540 2341 potius
563 2297 672 2336 vere,
701 2299 824 2342 quarn
846 2281 1094 2337 conviciari,
1113 2282 1373 2326 videantur?
1398 2284 1586 2339 Scilicet,

298 2372 369 2400 nec
388 2356 593 2399 Eumenes
606 2389 620 2410 ,
643 2371 732 2399 cum
754 2368 841 2399 tarn
863 2356 1006 2398 multis
1028 2354 1172 2414 gravis
1191 2355 1354 2413 publice
1373 2370 1423 2398 ac
1434 2357 1587 2415 priva-

299 2431 374 2473 tim
391 2427 480 2492 fit,
508 2431 638 2473 alium
655 2463 669 2484 ,
691 2443 816 2490 quarn
833 2446 894 2472 me
906 2458 919 2480 ‚
940 2430 1155 2473 inimicum
1174 2430 1347 2473 habuit:
1372 2446 1496 2488 neque
1512 2443 1586 2490 ego

291 2505 493 2560 potiorem
531 2519 772 2565 quemquam
806 2504 867 2549 ad
900 2503 1124 2569 ministeria
1145 2500 1390 2561 facinorum
1408 2534 1425 2560 ‚
1458 2518 1582 2560 quam
