1673 3052
294 210 388 259 374
428 196 521 244 JO.
556 194 1098 242 FREINSHEMII
1144 195 1524 245 SUPPLEM

292 305 396 344 unde
424 305 443 343 li
469 304 783 352 deturbarentur‚
807 316 874 354 per
899 302 1061 354 abrupta
1089 306 1125 344 &
1145 303 1358 356 praecipitia'
1377 305 1587 356 fugientes,

291 369 408 406 etiam
427 367 500 406 sine
524 366 653 406 hostili
673 367 772 406 ferro
786 397 796 415 ‚
815 367 902 406 suus
916 367 1055 416 timor,
1071 369 1106 407 ὃς
1124 368 1165 407 in
1188 367 1356 409 absciffis
1375 368 1470 409 locis
1493 368 1586 410 faci·

290 428 337 467 lis
370 427 521 479 lapsus,
550 427 656 468 velut
689 428 798 468 ruina
823 429 1017 480 affligeret.
1043 429 1100 469 Ad
1125 429 1370 481 conspectam
1392 430 1589 482 Scipionis

296 490 448 530 claffem
475 491 594 530 animi
617 491 842 530 ceciderunt
857 485 1006 531 Poenis:
1033 504 1240 543 pugnaque
1259 491 1588 545 intermiffa‚spa-

292 553 390 593 tium
409 553 549 593 dedere
565 553 713 593 consuli
730 554 962 594 Mancinum
977 553 1198 604 ceterosque
1209 554 1248 594 in
1268 568 1384 595 naves
1398 556 1587 606 recipien-

291 615 346 654 di,
367 617 594 656 Mancinum
611 630 632 656 e
649 616 802 667 vestigio
826 616 992 656 Romam
1011 616 1064 654 ire
1083 614 1215 664 jullit3
1240 629 1332 655 nam
1348 618 1383 657 δε
1396 611 1585 656 successor

294 679 329 717 ei
344 680 522 719 Serranus
540 680 588 719 ad
605 678 757 718 classem
771 687 950 718 venerat:
967 677 1068 729 ipse,
1086 677 1175 717 loco
1192 678 1317 718 castris
1331 677 1437 719 haud
1448 676 1586 730 procul

296 740 529 792 Carthagine
553 749 668 792 capto
683 772 694 790 ‚
716 741 862 790 majore
891 741 930 779 vi
961 739 1106 779 bellum
1131 740 1217 780 urbi
1241 740 1381 780 inferre
1405 740 1583 789 instituit,

293 815 409 852 quani
438 816 459 842 a
482 802 675 854 prioribus
707 801 929 842 consulibus
954 801 1172 841 factitatum
1204 801 1343 843 fuerat.
1389 801 1586 854 Carthagi-

293 863 445 903 nienses
467 876 636 915 quoque,
654 873 760 903 extra
777 862 912 902 urbem
931 861 1109 913 progressi
1121 893 1132 911 ‚
1148 863 1265 902 castra
1284 876 1355 914 pto
1369 865 1490 904 muris
1512 876 1586 914 op·

292 924 530 976 posuerunt:
555 927 595 964 in
619 938 702 976 quae
718 923 834 976 paulo
862 923 945 975 post
965 925 1084 963 etiam
1111 923 1329 964 Hasdrubal
1349 926 1580 976 imperator,

295 989 335 1027 ἃ
362 987 561 1038 praefeous
588 988 762 1039 equitum
782 987 937 1038 Bithyas
951 1017 962 1036 ,
984 999 1074 1027 cum
1090 987 1267 1038 peditum
1290 986 1357 1028 sex
1379 987 1578 1034 millibus,

293 1048 490 1101 equitibus
512 1047 646 1098 mille,
676 1050 797 1089 veteri
820 1051 857 1089 &
883 1049 1090 1089 exercitato
1115 1050 1262 1099 milite,
1289 1050 1376 1090 sunt
1397 1051 1560 1103 ingreffi.

347 1109 392 1150 VL
420 1111 520 1151 Cum
549 1110 696 1150 interea
720 1110 800 1151 Piso
813 1140 824 1159 ‚
844 1122 891 1150 ex
911 1111 1198 1151 mediterraneis
1216 1113 1386 1153 reversus
1401 1144 1412 1162 ‚
1435 1115 1586 1155 exerci-

295 1180 380 1214 tum
403 1174 578 1225 Scipioni
604 1172 842 1221 tradidisset,
870 1173 975 1224 isque
1000 1174 1141 1215 milites
1157 1205 1169 1224 ,
1189 1175 1584 1228 ambitiosorimperio

295 1235 454 1276 habitos
468 1267 478 1285 ,
502 1250 571 1287 pro
588 1235 720 1276 labore
737 1237 772 1276 &
788 1235 990 1287 disciplina
1007 1238 1148 1285 otium,
1164 1239 1459 1290 avaritiamque,
1470 1241 1507 1279 ἀ
1522 1253 1586 1279 ra·

294 1300 405 1350 pinas
422 1298 554 1338 secum
580 1298 922 1338 animadverteret:
945 1298 1043 1338 nihil
1067 1300 1263 1349 antiquius
1287 1298 1448 1346 habuit,
1469 1312 1586 1352 quam

294 1373 341 1404 ut
362 1364 438 1403 hoc
457 1372 607 1403 tantum
631 1363 820 1413 flagitium
845 1363 972 1414 ptimo
995 1375 1148 1413 quoque
1168 1371 1346 1414 tempore
1371 1363 1584 1407 tolleretur.

297 1427 387 1468 Erat
412 1429 447 1467 ἃ
473 1426 577 1466 aliud
601 1425 706 1466 haud
730 1427 860 1465 minus
886 1424 1032 1465 militiae
1054 1424 1246 1474 dedecus,
1263 1426 1368 1476 quod
1390 1439 1438 1466 ex
1454 1426 1587 1466 foren-

296 1488 322 1527 si
351 1487 466 1539 plebe
502 1499 662 1537 magnus
698 1499 881 1526 numerus
918 1486 1131 1526 exercitum
1162 1486 1391 1537 sequebatur
1406 1519 1417 1536 ‚
1448 1489 1586 1539 praedae

297 1550 411 1590 causa
436 1562 523 1588 cum
555 1548 812 1589 audacissimis
843 1547 1274 1599 quibusquemilitibus
1307 1548 1446 1598 injuffu
1472 1550 1585 1590 ducis

299 1613 593 1652 excurrentium.
609 1611 740 1659 unde,
757 1612 831 1651 sive
857 1610 952 1651 felix
977 1612 1048 1659 iis⁷
1078 1611 1153 1650 five
1177 1611 1410 1662 improspera
1431 1613 1587 1652 temeri-

297 1688 355 1717 tas
381 1676 529 1725 fuisset,
546 1676 740 1716 exercitus
762 1675 975 1726 ignominia
991 1675 1321 1725 incommodoque
1337 1675 1585 1726 gravabatur,

298 1741 336 1778 ἃ
350 1737 477 1777 clades
496 1750 644 1785 eorum,
657 1744 722 1776 aut
737 1735 843 1786 fuga,
861 1735 1005 1774 faniam
1022 1735 1282 1775 Romanarum
1301 1736 1496 1786 copiarum
1514 1737 1588 1777 mi-

298 1800 467 1848 nuebat3
493 1802 527 1840 ἃ
546 1800 694 1850 praeda,
714 1798 740 1837 sl
756 1811 872 1848 quam
889 1796 1095 1837 retulerant
1107 1828 1120 1844 ,
1135 1797 1343 1848 disciplinae
1359 1807 1439 1838 erat
1457 1799 1587 1841 inimis-

299 1875 364 1910 ca,
387 1875 475 1901 cum
502 1862 633 1913 pallini
654 1862 696 1901 in
728 1861 874 1909 castris,
906 1864 940 1901 δε
964 1861 1004 1900 in
1029 1860 1167 1901 iisdem
1202 1860 1300 1912 saepe
1323 1860 1584 1902 contuberniis

298 1924 491 1974 cupiditas
509 1924 558 1962 de
574 1923 683 1963 lucro
702 1922 998 1973 disceptantium
1027 1924 1067 1963 in
1091 1923 1212 1974 jurgia
1233 1925 1268 1963 δι
1290 1923 1412 1970 rixas,
1428 1924 1462 1963 δι
1477 1935 1586 1962 non-

296 1999 493 2036 nunquam
506 1988 545 2025 in
557 1986 714 2026 vulnera
728 1998 773 2025 ac
790 1986 911 2025 caedes
926 1986 1056 2026 exiret.
1071 1986 1141 2027 His
1158 1999 1351 2025 armorum
1366 1984 1586 2025 dehonesta-

297 2048 437 2087 mentis
453 2047 616 2087 offensus
630 2048 760 2097 Scipio
773 2077 784 2094 ,
797 2060 960 2097 vereque
976 2048 1103 2087 secum
1121 2055 1320 2098 reputans,
1337 2046 1493 2087 difficile
1507 2047 1582 2088 ess'e

297 2111 518 2162 imperatori
535 2141 545 2159 ‚
563 2120 604 2149 ut
618 2110 787 2150 hostibus
805 2111 942 2149 evadat
962 2110 1147 2161 superior,
1162 2111 1289 2149 donec
1305 2109 1378 2150 suis
1395 2110 1580 2152 militibus

298 2173 422 2223 impar
441 2172 520 2219 est,
548 2172 596 2211 ad
626 2171 858 2210 concionem
885 2181 1043 2211 vocatos
1077 2171 1146 2211 tali
1177 2172 1349 2211 oratione
1365 2171 1581 2222 castigavit:

353 2234 417 2274 VI.
450 2236 491 2272 Si
513 2235 646 2287 quidem
669 2247 742 2286 quae
756 2234 908 2286 facitis,
932 2235 1087 2284 milites,
1112 2235 1220 2287 (nam
1241 2235 1365 2286 qualia
1375 2235 1449 2286 fint
1464 2233 1500 2271 6³
1517 2234 1585 2285 ipsi

299 2298 402 2350 n‘oflis
415 2327 425 2345 ‚
443 2299 538 2336 &me
549 2298 667 2349 rafim?
685 2298 793 2350 pudet
806 2297 846 2350 ‚)
864 2312 902 2335 ea
921 2298 1028 2350 vestra
1042 2298 1175 2350 magis,
1192 2311 1292 2348 quam
1316 2295 1463 2334 aliorum
1476 2295 1580 2346 culpa

292 2361 373 2411 fieri
394 2361 602 2405 arbitrarer,
627 2374 696 2397 non
720 2358 815 2410 effim
836 2359 1061 2412 peccantibus
1082 2359 1210 2412 fizcilis
1224 2388 1236 2407 ‚
1262 2372 1366 2410 neque
1381 2358 1432 2395 ad
1453 2369 1580 2409 repra:-

290 2424 467 2474 sentana'a
481 2421 660 2474 fitpplicia
685 2422 795 2474 piger.
829 2436 921 2460 nunc
953 2434 1067 2463 autem
1082 2423 1192 2476 ,quia
1217 2435 1325 2475 nuper
1339 2451 1351 2472 ‚
1369 2433 1442 2460 cum
1465 2418 1581 2458 adhuc

342 2528 365 2571 S
392 2528 435 2562 V.
458 2527 623 2572 Vellcjns.
650 2538 681 2570 5,
703 2538 732 2562 1.
755 2526 906 2572 Appiana
