1673 3052
308 183 389 230 lN
437 183 610 231 LOC.
648 184 784 231 LIB.
838 184 901 229 LI
951 184 1089 231 Ltv.
1202 192 1220 213 ⁹
1287 199 1380 245 377

103 295 305 332 manorum
319 321 332 339 ‚
348 298 541 342 quotquot
563 290 601 329 in
623 291 808 341 potestate
831 289 996 330 habebat
1011 322 1023 339 ‚
1050 291 1089 330 in
1113 291 1255 331 moenia
1270 322 1282 340 ,
1302 305 1382 331 un·-

104 353 335 404 desconspici
357 367 378 393 a
393 353 468 392 suis
489 353 636 403 possent
649 383 662 402 ‚
682 353 891 401 addustos,
910 354 1048 403 partim
1064 354 1198 402 oculis,
1220 364 1286 394 aut
1309 355 1378 393 lin..

105 427 203 465 gua,
226 423 292 454 aut
325 415 517 465 pudendis
549 415 695 465 privat,
717 427 819 454 unco
847 415 1032 453 divellens
1056 427 1247 465 corpora:
1280 414 1382 454 alio-

102 488 192 515 rum·
209 482 380 526 amputat
401 475 566 526 plantas,
585 485 650 514 aut
665 475 817 525 digitos.
834 475 1061 525 quibusdam
1078 475 1224 516 detrahi
1248 485 1379 516 cutem

105 535 236 586 jubet,
262 545 377 587 atque
407 537 461 576 ita
488 537 593 575 vivos
625 536 752 576 adhuc
780 535 1034 588 spirantesque
1058 550 1126 588 per
1157 550 1267 589 rupes
1291 538 1382 583 bar-2

104 598 195 647 bara
224 598 374 638 feritate
405 598 629 650 praecipitat.

157 661 211 701 X.
242 661 385 700 Eadem
410 674 528 711 opera
552 669 706 700 cautum
728 660 795 700 fibi
816 660 969 700 rebatur
992 662 1168 703 adversus
1184 663 1379 704 mobilita-

103 729 185 761 tem
208 720 338 772 vulgi,
361 722 477 762 taedio
511 722 771 772 periculorum
812 735 947 773 pacem
981 723 1215 774 quibuslibet
1246 726 1380 764 condi-

103 783 275 823 tionibus
301 786 518 835 accepturi,
535 784 574 824 ni
599 785 862 835 magnitudine
883 784 1065 824 facinoris
1091 799 1248 825 omnem
1271 787 1381 837 spem

103 858 126 888 a
141 845 327 884 Romanis
350 845 467 884 veniae
491 844 727 896 desperaffet.
745 845 865 886 Atini
887 859 946 885 res
967 847 1122 887 adeoin
1145 849 1378 888 contrarium

102 907 236 953 ,vm-tit,
259 914 302 947 ut
332 920 380 947 ex
404 921 449 947 eo
483 921 562 947 non
590 907 726 960 vulgus
759 909 877 947 modo
901 909 1070 950 timidius
1093 911 1142 949 ad
1173 911 1383 950 defenden-

108 969 198 1008 dam
212 968 344 1008 urbem
361 968 466 1008 fieret
479 999 489 1018 ,
507 969 572 1009 sed
585 972 699 1009 etiam
726 971 815 1010 odio
830 970 987 1012 baberet
1004 971 1280 1012 Hasdrubalem
1293 1003 1304 1021 ,
1319 973 1383 1015 oui

107 1031 492 1071 fastoimmaniffimo
513 1032 651 1071 invisos
675 1033 756 1072 Diis
782 1032 1076 1083 hominibusque
1096 1034 1232 1073 Poenos
1258 1034 1386 1073 reddi-

104 1091 228 1144 disset.
266 1091 418 1143 Quibus
440 1092 506 1132 ille
529 1093 744 1147 opprobriis
769 1096 804 1133 &
825 1093 900 1133 suis
923 1093 1127 1134 sceleribus
1148 1108 1304 1143 vecors,
1327 1104 1383 1134 at-

110 1165 184 1203 que
209 1154 250 1192 in
273 1153 352 1193 dies
378 1153 748 1204 crudeli0r‚.aperte
769 1155 1010 1205 tyrannidem
1035 1155 1213 1206 usurpare
1239 1158 1384 1206 coepit,

106 1214 206 1257 nihil
230 1215 296 1254 fibi
325 1216 372 1254 ad
395 1215 557 1255 salutem
581 1215 771 1266 reliquum
788 1216 954 1267 singem,
973 1216 1038 1256 nisi
1059 1226 1164 1256 metu
1190 1220 1225 1258 ἃ
1241 1227 1383 1256 terrore

106 1290 164 1318 res
189 1277 271 1317 suas
294 1277 473 1319 stabiliret
493 1290 501 1316 :
525 1278 650 1316 donec
682 1291 728 1316 eo
764 1270 954 1328 profectus
978 1279 1049 1327 est,
1073 1288 1115 1318 ut
1140 1278 1180 1317 in
1205 1279 1379 1327 civitate,

106 1346 166 1378 tot
187 1352 208 1378 a
224 1339 358 1379 seculis
378 1338 498 1378 libera
514 1369 525 1387 ,
548 1338 694 1389 impetu
718 1339 833 1377 etiam
858 1339 897 1377 in
916 1338 1105 1378 senatores
1128 1339 1254 1386 facto,
1276 1340 1387 1389 quos-

109 1402 199 1442 dam
234 1403 416 1442 audacius
449 1401 646 1453 praesentia
673 1403 937 1453 increpantes,
961 1402 1121 1442 crimine
1148 1402 1380 1452 proditionis

109 1465 157 1505 de
183 1466 314 1505 medio
340 1465 504 1505 tolleret.

115 1571 117 1573 ,
161 1526 231 1566 ΧΙ.
245 1527 388 1578 Scipio,
406 1528 581 1567 crematis
605 1527 769 1566 hostium
792 1526 930 1574 castris,
947 1526 1076 1566 fauces
1091 1528 1189 1565 inter
1203 1526 1386 1577 paludem

108 1588 260 1641 ‚Scmare
279 1589 485 1628 transversa
509 1589 603 1629 foffa
629 1590 833 1629 occludere
856 1590 996 1641 coepit,
1020 1603 1097 1628 non
1122 1588 1219 1627 ultra
1245 1589 1311 1628 teli
1333 1592 1388 1639 33-

108 1649 213 1690 etum
233 1649 280 1689 ab
303 1651 399 1690 urbe
423 1651 573 1702 divisus.
593 1650 767 1702 Spatium
784 1652 1106 1701 permuniendum
1127 1662 1205 1691 erat
1221 1651 1386 1702 amplius

107 1710 412 1764 triummillium
435 1711 630 1762 passuum,
651 1712 760 1751 simul
783 1713 832 1751 ad
847 1726 1017 1763 pugnam
1040 1715 1075 1752 δε
1099 1727 1195 1764 opus
1218 1714 1384 1768 intento.—

108 1773 210 1816 Nam
225 1772 552 1825 Carthaginienses
565 1806 578 1824 ,
593 1785 635 1813 ut
654 1788 700 1815 ex
715 1777 950 1830 propinque,
965 1776 1155 1815 continuis
1177 1776 1255 1815 fere
1278 1775 1388 1816 affui·

106 1834 211 1890 tibus
234 1847 478 1886 perrumpere
493 1835 717 1882 stationem,
739 1836 877 1875 inferre
897 1836 933 1876 se
956 1837 1231 1885 munitoribus,
1252 1839 1385 1878 distur-

110 1895 200 1937 bare
220 1909 335 1946 opera
358 1896 589 1937 nitebantur.
618 1898 692 1938 Sed
723 1898 964 1948 providentia
989 1899 1180 1949 Scipionis
1210 1899 1381 1950 superior

107 1957 205 1997 fuit:
230 1957 472 2008 perfectaque
488 1989 498 2008 ,
516 1972 630 2008 quam
647 1958 869 2006 instituerat,
894 1959 1009 2007 fossa,
1031 1962 1111 2008 jam
1124 1961 1273 2000 minore
1288 1961 1384 2010 peri-

109 2018 221 2066 culo,
247 2020 335 2069 quia
362 2020 645 2076 munimentum
679 2019 754 2059 hoc
785 2021 961 2060 adversus
987 2016 1138 2060 hostem
1165 2021 1385 2071 objecerat,

109 2079 223 2124 aliam
245 2078 347 2120 haud
373 2094 512 2132 magno
539 2095 559 2121 a
591 2083 708 2132 priori
732 2080 931 2122 intervallo
959 2083 1154 2135 duxit,qin
1181 2084 1378 2123 continen-

108 2148 187 2180 tem
217 2140 362 2181 versus:
400 2142 539 2181 deinde
564 2141 646 2181 aliis
679 2142 828 2182 duabus
865 2143 1027 2192 additis,
1054 2150 1096 2182 ut
1129 2151 1254 2182 totum
1288 2157 1384 2195 opus

111 2204 292 2254 quadrata
315 2204 435 2243 fornia
459 2200 668 2252 constaret,
692 2205 800 2245 vallis
820 2206 1022 2257 praeacutis
1038 2207 1281 2257 undiquaque
1305 2221 1388 2246 mu-

109 2265 228 2305 nivit:
254 2274 389 2316 praeter
411 2265 492 2305 haec
514 2280 533 2306 a
557 2274 663 2316 tergo
688 2269 722 2306 δε
745 2267 926 2307 lateribus
949 2281 1144 2320 aggerem,
1162 2282 1182 2307 a
1201 2268 1327 2308 fronte
1346 2271 1385 2309 in

109 2328 245 2368 urbem
267 2328 392 2369 versus
417 2343 568 2369 murum
594 2330 800 2381 opposuit,
823 2331 886 2371 sex
901 2331 1046 2382 pedum
1068 2330 1251 2379 crassitie,
1268 2330 1387 2370 altum

158 2437 657 2473 81X.1xiarc11'1nus.r¹oi-.h
691 2451 745 2482 ap.
766 2439 878 2472 Valles.
899 2438 1043 2482 Appiam.
1080 2438 1146 2471 Jul.
1171 2437 1259 2471 0202)
1332 2450 1381 2471 ns.

114 2482 135 2526 5
160 2481 200 2515 Χ.
227 2482 348 2517 Zonar,
377 2484 522 2527 Appiam.
539 2483 580 2514 1>‹.
566 2472 658 2525 ‹-l3h.
