<?xml version="1.0" encoding="UTF-8"?>
<!DOCTYPE html PUBLIC "-//W3C//DTD XHTML 1.0 Transitional//EN"
    "http://www.w3.org/TR/xhtml1/DTD/xhtml1-transitional.dtd">
<html xmlns="http://www.w3.org/1999/xhtml" xml:lang="en" lang="en">
 <head>
  <title>
</title>
<meta http-equiv="Content-Type" content="text/html;charset=utf-8" />
  <meta name='ocr-system' content='tesseract 3.04.00' />
  <meta name='ocr-capabilities' content='ocr_page ocr_carea ocr_par ocr_line ocrx_word'/>
</head>
<body>
  <div class='ocr_page' id='page_1' title='image "./historiarumlibri07livyuoft_0218.png"; bbox 0 0 1673 3052; ppageno 0'>
   <div class='ocr_carea' id='block_1_1' title="bbox 271 192 1285 246">
    <p class='ocr_par' dir='ltr' id='par_1_1' title="bbox 271 192 1285 246">
     <span class='ocr_line' id='line_1_1' title="bbox 271 192 1285 246; baseline 0.001 -1"><span class='ocrx_word' id='word_1_1' title='bbox 271 211 367 245; x_wconf 83' lang='lat'>210</span> <span class='ocrx_word' id='word_1_2' title='bbox 635 192 1285 246; x_wconf 78' lang='lat' dir='ltr'>T1T1L1vl1&#39;</span> 
     </span>
    </p>
   </div>
   <div class='ocr_carea' id='block_1_2' title="bbox 253 303 1581 2579">
    <p class='ocr_par' dir='ltr' id='par_1_2' title="bbox 253 303 1581 2579">
     <span class='ocr_line' id='line_1_2' title="bbox 270 303 1570 361; baseline 0.003 -9"><span class='ocrx_word' id='word_1_3' title='bbox 270 323 373 359; x_wconf 84' lang='lat' dir='ltr'>cum</span> <span class='ocrx_word' id='word_1_4' title='bbox 405 303 614 361; x_wconf 88' lang='lat' dir='ltr'>revertit,</span> <span class='ocrx_word' id='word_1_5' title='bbox 636 303 682 350; x_wconf 89' lang='lat' dir='ltr'>in</span> <span class='ocrx_word' id='word_1_6' title='bbox 710 303 872 352; x_wconf 86' lang='lat' dir='ltr'>itinere</span> <span class='ocrx_word' id='word_1_7' title='bbox 903 304 1130 353; x_wconf 84' lang='lat' dir='ltr'>sordidata</span> <span class='ocrx_word' id='word_1_8' title='bbox 1154 306 1570 356; x_wconf 70' lang='lat' dir='ltr'>turba‘AEtolorum</span> 
     </span>
     <span class='ocr_line' id='line_1_3' title="bbox 267 376 1572 443; baseline 0.001 -17"><span class='ocrx_word' id='word_1_9' title='bbox 267 378 503 433; x_wconf 76' lang='lat' dir='ltr'>occurrit3</span> <span class='ocrx_word' id='word_1_10' title='bbox 529 376 800 441; x_wconf 81' lang='lat' dir='ltr'>mirantique</span> <span class='ocrx_word' id='word_1_11' title='bbox 818 380 867 425; x_wconf 88' lang='lat'>&amp;</span> <span class='ocrx_word' id='word_1_12' title='bbox 885 379 1191 441; x_wconf 81' lang='lat' dir='ltr'>percontanti,</span> <span class='ocrx_word' id='word_1_13' title='bbox 1212 379 1323 443; x_wconf 80' lang='lat' dir='ltr'>quid</span> <span class='ocrx_word' id='word_1_14' title='bbox 1341 379 1446 427; x_wconf 74' lang='lat' dir='ltr'>efl&#39;et</span> <span class='ocrx_word' id='word_1_15' title='bbox 1457 415 1472 439; x_wconf 90' lang='lat'>,</span> <span class='ocrx_word' id='word_1_16' title='bbox 1489 380 1572 427; x_wconf 86' lang='lat' dir='ltr'>de-</span> 
     </span>
     <span class='ocr_line' id='line_1_4' title="bbox 271 444 1573 516; baseline -0.002 -16"><span class='ocrx_word' id='word_1_17' title='bbox 271 452 416 500; x_wconf 78' lang='lat' dir='ltr'><strong>fertur</strong></span> <span class='ocrx_word' id='word_1_18' title='bbox 430 487 443 510; x_wconf 89' lang='lat'>,</span> <span class='ocrx_word' id='word_1_19' title='bbox 465 451 740 515; x_wconf 80' lang='lat' dir='ltr'>quingentos</span> <span class='ocrx_word' id='word_1_20' title='bbox 757 451 1086 514; x_wconf 82' lang='lat' dir='ltr'>quinquaginta</span> <span class='ocrx_word' id='word_1_21' title='bbox 1111 451 1338 516; x_wconf 83' lang='lat' dir='ltr'>principes</span> <span class='ocrx_word' id='word_1_22' title='bbox 1356 452 1412 499; x_wconf 84' lang='lat' dir='ltr'>ab</span> <span class='ocrx_word' id='word_1_23' title='bbox 1430 444 1573 516; x_wconf 74' lang='lat' dir='ltr'>Lyci,-</span> 
     </span>
     <span class='ocr_line' id='line_1_5' title="bbox 269 515 1572 587; baseline -0.002 -14"><span class='ocrx_word' id='word_1_24' title='bbox 269 525 346 573; x_wconf 73' lang='lat' dir='ltr'>sco</span> <span class='ocrx_word' id='word_1_25' title='bbox 376 526 424 572; x_wconf 70' lang='grc' dir='ltr'>ὃ(</span> <span class='ocrx_word' id='word_1_26' title='bbox 447 523 663 586; x_wconf 75' lang='lat' dir='ltr'>Tisippo,</span> <span class='ocrx_word' id='word_1_27' title='bbox 684 522 969 570; x_wconf 76' lang='lat' dir='ltr'>circumsesso</span> <span class='ocrx_word' id='word_1_28' title='bbox 999 521 1151 570; x_wconf 87' lang='lat' dir='ltr'>senatu</span> <span class='ocrx_word' id='word_1_29' title='bbox 1175 515 1254 587; x_wconf 87' lang='lat' dir='ltr'>per</span> <span class='ocrx_word' id='word_1_30' title='bbox 1277 523 1442 571; x_wconf 84' lang='lat' dir='ltr'>milites</span> <span class='ocrx_word' id='word_1_31' title='bbox 1471 524 1572 570; x_wconf 85' lang='lat' dir='ltr'>Ro-</span> 
     </span>
     <span class='ocr_line' id='line_1_6' title="bbox 269 597 1571 661; baseline -0.002 -14"><span class='ocrx_word' id='word_1_32' title='bbox 269 616 455 656; x_wconf 69' lang='lat' dir='ltr'>manos,</span> <span class='ocrx_word' id='word_1_33' title='bbox 474 598 627 645; x_wconf 82' lang='lat' dir='ltr'>miffos</span> <span class='ocrx_word' id='word_1_34' title='bbox 642 615 665 644; x_wconf 90' lang='lat' dir='ltr'>a</span> <span class='ocrx_word' id='word_1_35' title='bbox 684 597 838 645; x_wconf 87' lang='lat' dir='ltr'>Baebio</span> <span class='ocrx_word' id='word_1_36' title='bbox 855 597 1039 661; x_wconf 82' lang='lat' dir='ltr'>praefide</span> <span class='ocrx_word' id='word_1_37' title='bbox 1053 634 1066 657; x_wconf 90' lang='lat'>‚</span> <span class='ocrx_word' id='word_1_38' title='bbox 1086 597 1368 656; x_wconf 68' lang='lat' dir='ltr'>interfectos3</span> <span class='ocrx_word' id='word_1_39' title='bbox 1384 598 1500 646; x_wconf 85' lang='lat' dir='ltr'>alios</span> <span class='ocrx_word' id='word_1_40' title='bbox 1520 598 1571 645; x_wconf 83' lang='lat' dir='ltr'>in</span> 
     </span>
     <span class='ocr_line' id='line_1_7' title="bbox 271 662 1572 735; baseline 0 -16"><span class='ocrx_word' id='word_1_41' title='bbox 271 673 480 720; x_wconf 65' lang='lat' dir='ltr'>exsilium</span> <span class='ocrx_word' id='word_1_42' title='bbox 511 672 631 718; x_wconf 54' lang='lat' dir='ltr'>aiios</span> <span class='ocrx_word' id='word_1_43' title='bbox 658 671 766 718; x_wconf 82' lang='lat' dir='ltr'>effe:</span> <span class='ocrx_word' id='word_1_44' title='bbox 788 670 1002 734; x_wconf 86' lang='lat' dir='ltr'>bonaque</span> <span class='ocrx_word' id='word_1_45' title='bbox 1025 687 1186 718; x_wconf 86' lang='lat' dir='ltr'>eorum</span> <span class='ocrx_word' id='word_1_46' title='bbox 1203 707 1217 730; x_wconf 86' lang='lat'>‚</span> <span class='ocrx_word' id='word_1_47' title='bbox 1238 662 1318 735; x_wconf 81' lang='lat' dir='ltr'>qui</span> <span class='ocrx_word' id='word_1_48' title='bbox 1344 670 1572 720; x_wconf 73' lang='lat' dir='ltr'>&#39;interfeffl</span> 
     </span>
     <span class='ocr_line' id='line_1_8' title="bbox 270 743 1575 808; baseline -0.001 -15"><span class='ocrx_word' id='word_1_49' title='bbox 270 746 441 800; x_wconf 62' lang='lat' dir='ltr'>essent,</span> <span class='ocrx_word' id='word_1_50' title='bbox 462 746 512 792; x_wconf 91' lang='lat'>&amp;</span> <span class='ocrx_word' id='word_1_51' title='bbox 539 744 741 792; x_wconf 87' lang='lat' dir='ltr'>exsulum</span> <span class='ocrx_word' id='word_1_52' title='bbox 765 743 1016 807; x_wconf 85' lang='lat' dir='ltr'>poffidere,</span> <span class='ocrx_word' id='word_1_53' title='bbox 1044 743 1124 808; x_wconf 87' lang='lat' dir='ltr'>qui</span> <span class='ocrx_word' id='word_1_54' title='bbox 1154 743 1413 808; x_wconf 79' lang='lat' dir='ltr'>arguebant.</span> <span class='ocrx_word' id='word_1_55' title='bbox 1445 744 1575 792; x_wconf 80' lang='lat' dir='ltr'>Juffis</span> 
     </span>
     <span class='ocr_line' id='line_1_9' title="bbox 273 815 1574 880; baseline -0.003 -14"><span class='ocrx_word' id='word_1_56' title='bbox 273 817 589 880; x_wconf 84' lang='lat' dir='ltr'>Amphipolim</span> <span class='ocrx_word' id='word_1_57' title='bbox 622 816 794 873; x_wconf 74' lang='lat' dir='ltr'>adesse,</span> <span class='ocrx_word' id='word_1_58' title='bbox 819 815 936 880; x_wconf 85' lang='lat' dir='ltr'>ipse,</span> <span class='ocrx_word' id='word_1_59' title='bbox 972 828 1212 863; x_wconf 87' lang='lat' dir='ltr'>convento</span> <span class='ocrx_word' id='word_1_60' title='bbox 1243 815 1332 863; x_wconf 86' lang='lat' dir='ltr'>Cn.</span> <span class='ocrx_word' id='word_1_61' title='bbox 1369 815 1574 863; x_wconf 63' lang='lat' dir='ltr'>octavio</span> 
     </span>
     <span class='ocr_line' id='line_1_10' title="bbox 253 887 1576 955; baseline -0.002 -15"><span class='ocrx_word' id='word_1_62' title='bbox 253 891 591 950; x_wconf 73' lang='lat' dir='ltr'>-Lemetriade,</span> <span class='ocrx_word' id='word_1_63' title='bbox 611 889 847 955; x_wconf 86' lang='lat' dir='ltr'>postquam</span> <span class='ocrx_word' id='word_1_64' title='bbox 879 889 997 937; x_wconf 87' lang='lat' dir='ltr'>fama</span> <span class='ocrx_word' id='word_1_65' title='bbox 1031 888 1458 950; x_wconf 59' lang='lat' dir='ltr'>accidit9trajeciffe</span> <span class='ocrx_word' id='word_1_66' title='bbox 1483 887 1576 951; x_wconf 75' lang='lat' dir='ltr'>jam</span> 
     </span>
     <span class='ocr_line' id='line_1_11' title="bbox 271 962 1575 1030; baseline -0.005 -15"><span class='ocrx_word' id='word_1_67' title='bbox 271 985 394 1015; x_wconf 88' lang='lat' dir='ltr'>mare</span> <span class='ocrx_word' id='word_1_68' title='bbox 413 968 567 1015; x_wconf 90' lang='lat' dir='ltr'>decem</span> <span class='ocrx_word' id='word_1_69' title='bbox 586 966 758 1030; x_wconf 83' lang='lat' dir='ltr'>legatos</span> <span class='ocrx_word' id='word_1_70' title='bbox 773 1001 787 1024; x_wconf 83' lang='lat'>‚</span> <span class='ocrx_word' id='word_1_71' title='bbox 809 964 1022 1011; x_wconf 85' lang='lat' dir='ltr'>omnibus</span> <span class='ocrx_word' id='word_1_72' title='bbox 1044 962 1142 1010; x_wconf 86' lang='lat' dir='ltr'>aliis</span> <span class='ocrx_word' id='word_1_73' title='bbox 1159 962 1326 1009; x_wconf 85' lang='lat' dir='ltr'>omiffis</span> <span class='ocrx_word' id='word_1_74' title='bbox 1341 997 1355 1021; x_wconf 89' lang='lat'><strong>,</strong></span> <span class='ocrx_word' id='word_1_75' title='bbox 1379 962 1575 1026; x_wconf 91' lang='lat' dir='ltr'>Apollo-</span> 
     </span>
     <span class='ocr_line' id='line_1_12' title="bbox 273 1037 1576 1106; baseline -0.005 -14"><span class='ocrx_word' id='word_1_76' title='bbox 273 1044 396 1092; x_wconf 83' lang='lat' dir='ltr'>niam</span> <span class='ocrx_word' id='word_1_77' title='bbox 426 1044 482 1092; x_wconf 89' lang='lat' dir='ltr'>ad</span> <span class='ocrx_word' id='word_1_78' title='bbox 499 1059 579 1091; x_wconf 88' lang='lat' dir='ltr'>eos</span> <span class='ocrx_word' id='word_1_79' title='bbox 602 1042 759 1106; x_wconf 84' lang='lat' dir='ltr'>pergit.</span> <span class='ocrx_word' id='word_1_80' title='bbox 788 1056 882 1104; x_wconf 90' lang='lat' dir='ltr'>quo</span> <span class='ocrx_word' id='word_1_81' title='bbox 909 1057 1011 1088; x_wconf 89' lang='lat' dir='ltr'>cum</span> <span class='ocrx_word' id='word_1_82' title='bbox 1035 1039 1217 1085; x_wconf 81' lang='lat' dir='ltr'>Perseus</span> <span class='ocrx_word' id='word_1_83' title='bbox 1247 1037 1436 1085; x_wconf 90' lang='lat' dir='ltr'>obviam</span> <span class='ocrx_word' id='word_1_84' title='bbox 1460 1041 1576 1085; x_wconf 89' lang='lat' dir='ltr'>Am-</span> 
     </span>
     <span class='ocr_line' id='line_1_13' title="bbox 271 1110 1577 1181; baseline -0.002 -18"><span class='ocrx_word' id='word_1_85' title='bbox 271 1116 453 1181; x_wconf 87' lang='lat' dir='ltr'>phipoli</span> <span class='ocrx_word' id='word_1_86' title='bbox 488 1115 621 1162; x_wconf 87' lang='lat' dir='ltr'>nimis</span> <span class='ocrx_word' id='word_1_87' title='bbox 645 1114 791 1161; x_wconf 88' lang='lat' dir='ltr'>soluta</span> <span class='ocrx_word' id='word_1_88' title='bbox 823 1111 1026 1160; x_wconf 81' lang='lat' dir='ltr'>custodia</span> <span class='ocrx_word' id='word_1_89' title='bbox 1055 1110 1359 1174; x_wconf 83' lang='lat' dir='ltr'>proceffiffet,</span> <span class='ocrx_word' id='word_1_90' title='bbox 1379 1110 1456 1173; x_wconf 88' lang='lat' dir='ltr'>(id</span> <span class='ocrx_word' id='word_1_91' title='bbox 1485 1111 1577 1160; x_wconf 80' lang='lat' dir='ltr'>diei</span> 
     </span>
     <span class='ocr_line' id='line_1_14' title="bbox 271 1183 1577 1253; baseline -0.006 -15"><span class='ocrx_word' id='word_1_92' title='bbox 271 1191 359 1238; x_wconf 87' lang='lat' dir='ltr'>iter</span> <span class='ocrx_word' id='word_1_93' title='bbox 376 1188 472 1253; x_wconf 83' lang='lat' dir='ltr'>est)</span> <span class='ocrx_word' id='word_1_94' title='bbox 495 1188 636 1252; x_wconf 88' lang='lat' dir='ltr'>ipsum</span> <span class='ocrx_word' id='word_1_95' title='bbox 667 1187 849 1251; x_wconf 86' lang='lat' dir='ltr'>quidem</span> <span class='ocrx_word' id='word_1_96' title='bbox 876 1185 1068 1249; x_wconf 78' lang='lat' dir='ltr'>benigne</span> <span class='ocrx_word' id='word_1_97' title='bbox 1096 1183 1320 1232; x_wconf 79' lang='lat' dir='ltr'>allocutus</span> <span class='ocrx_word' id='word_1_98' title='bbox 1347 1183 1435 1230; x_wconf 90' lang='lat' dir='ltr'>est:</span> <span class='ocrx_word' id='word_1_99' title='bbox 1455 1196 1577 1231; x_wconf 81' lang='lat' dir='ltr'>cete-</span> 
     </span>
     <span class='ocr_line' id='line_1_15' title="bbox 273 1254 1579 1327; baseline -0.006 -15"><span class='ocrx_word' id='word_1_100' title='bbox 273 1282 398 1316; x_wconf 82' lang='lat' dir='ltr'>rum,</span> <span class='ocrx_word' id='word_1_101' title='bbox 419 1263 658 1327; x_wconf 79' lang='lat' dir='ltr'>postquam</span> <span class='ocrx_word' id='word_1_102' title='bbox 675 1262 721 1308; x_wconf 88' lang='lat' dir='ltr'>in</span> <span class='ocrx_word' id='word_1_103' title='bbox 741 1260 881 1309; x_wconf 84' lang='lat' dir='ltr'>castra</span> <span class='ocrx_word' id='word_1_104' title='bbox 898 1259 952 1306; x_wconf 89' lang='lat' dir='ltr'>ad</span> <span class='ocrx_word' id='word_1_105' title='bbox 973 1254 1289 1320; x_wconf 82' lang='lat' dir='ltr'>Amphipolim</span> <span class='ocrx_word' id='word_1_106' title='bbox 1307 1257 1462 1316; x_wconf 88' lang='lat' dir='ltr'>venit,</span> <span class='ocrx_word' id='word_1_107' title='bbox 1481 1275 1579 1322; x_wconf 78' lang='lat' dir='ltr'>gra-</span> 
     </span>
     <span class='ocr_line' id='line_1_16' title="bbox 273 1329 1579 1398; baseline -0.005 -14"><span class='ocrx_word' id='word_1_108' title='bbox 273 1337 396 1384; x_wconf 82' lang='lat' dir='ltr'>viter</span> <span class='ocrx_word' id='word_1_109' title='bbox 429 1334 695 1398; x_wconf 83' lang='lat' dir='ltr'>increpuiffe</span> <span class='ocrx_word' id='word_1_110' title='bbox 733 1333 923 1380; x_wconf 82' lang='lat' dir='ltr'>traditur</span> <span class='ocrx_word' id='word_1_111' title='bbox 955 1332 1012 1378; x_wconf 90' lang='lat' dir='ltr'>C.</span> <span class='ocrx_word' id='word_1_112' title='bbox 1048 1329 1324 1392; x_wconf 86' lang='lat' dir='ltr'>Sulpicium:</span> <span class='ocrx_word' id='word_1_113' title='bbox 1344 1329 1541 1392; x_wconf 86' lang='lat' dir='ltr'>primum</span> <span class='ocrx_word' id='word_1_114' title='bbox 1561 1366 1579 1389; x_wconf 89' lang='lat'>‚</span> 
     </span>
     <span class='ocr_line' id='line_1_17' title="bbox 272 1403 1581 1475; baseline -0.005 -18"><span class='ocrx_word' id='word_1_115' title='bbox 272 1411 402 1475; x_wconf 88' lang='lat' dir='ltr'>quod</span> <span class='ocrx_word' id='word_1_116' title='bbox 422 1408 575 1471; x_wconf 70' lang='lat' dir='ltr'>Persea</span> <span class='ocrx_word' id='word_1_117' title='bbox 596 1419 685 1454; x_wconf 81' lang='lat' dir='ltr'>tam</span> <span class='ocrx_word' id='word_1_118' title='bbox 716 1406 880 1470; x_wconf 85' lang='lat' dir='ltr'>procul</span> <span class='ocrx_word' id='word_1_119' title='bbox 900 1423 924 1452; x_wconf 91' lang='lat' dir='ltr'>a</span> <span class='ocrx_word' id='word_1_120' title='bbox 943 1404 986 1451; x_wconf 91' lang='lat' dir='ltr'>se</span> <span class='ocrx_word' id='word_1_121' title='bbox 1004 1404 1161 1468; x_wconf 80' lang='lat' dir='ltr'>vagari</span> <span class='ocrx_word' id='word_1_122' title='bbox 1188 1420 1267 1467; x_wconf 92' lang='lat' dir='ltr'>per</span> <span class='ocrx_word' id='word_1_123' title='bbox 1288 1403 1581 1467; x_wconf 81' lang='lat' dir='ltr'>provinciam</span> 
     </span>
     <span class='ocr_line' id='line_1_18' title="bbox 273 1477 1578 1551; baseline -0.005 -19"><span class='ocrx_word' id='word_1_124' title='bbox 273 1485 421 1551; x_wconf 82' lang='lat' dir='ltr'>paffus</span> <span class='ocrx_word' id='word_1_125' title='bbox 440 1483 565 1530; x_wconf 71' lang='lat' dir='ltr'>esset:</span> <span class='ocrx_word' id='word_1_126' title='bbox 588 1481 774 1539; x_wconf 80' lang='lat' dir='ltr'>deinde,</span> <span class='ocrx_word' id='word_1_127' title='bbox 796 1479 922 1544; x_wconf 81' lang='lat' dir='ltr'>quod</span> <span class='ocrx_word' id='word_1_128' title='bbox 941 1479 1056 1526; x_wconf 86' lang='lat' dir='ltr'>adeo</span> <span class='ocrx_word' id='word_1_129' title='bbox 1075 1477 1314 1524; x_wconf 72' lang='lat' dir='ltr'>indulsisset</span> <span class='ocrx_word' id='word_1_130' title='bbox 1331 1477 1578 1539; x_wconf 83' lang='lat' dir='ltr'>militibus,</span> 
     </span>
     <span class='ocr_line' id='line_1_19' title="bbox 273 1550 1581 1619; baseline -0.007 -12"><span class='ocrx_word' id='word_1_131' title='bbox 273 1573 325 1608; x_wconf 86' lang='lat' dir='ltr'>ut</span> <span class='ocrx_word' id='word_1_132' title='bbox 341 1559 507 1606; x_wconf 82' lang='lat' dir='ltr'>nudare</span> <span class='ocrx_word' id='word_1_133' title='bbox 522 1556 681 1619; x_wconf 76' lang='lat' dir='ltr'>tegulis</span> <span class='ocrx_word' id='word_1_134' title='bbox 698 1571 851 1601; x_wconf 75' lang='lat' dir='ltr'>muros</span> <span class='ocrx_word' id='word_1_135' title='bbox 881 1552 1002 1600; x_wconf 82' lang='lat' dir='ltr'>urbis</span> <span class='ocrx_word' id='word_1_136' title='bbox 1019 1552 1074 1598; x_wconf 82' lang='lat' dir='ltr'>ad</span> <span class='ocrx_word' id='word_1_137' title='bbox 1091 1552 1275 1615; x_wconf 75' lang='lat' dir='ltr'>tegenda</span> <span class='ocrx_word' id='word_1_138' title='bbox 1289 1550 1581 1599; x_wconf 78' lang='lat' dir='ltr'>hibernacula</span> 
     </span>
     <span class='ocr_line' id='line_1_20' title="bbox 273 1621 1577 1695; baseline -0.008 -14"><span class='ocrx_word' id='word_1_139' title='bbox 273 1635 353 1681; x_wconf 85' lang='lat' dir='ltr'>sua</span> <span class='ocrx_word' id='word_1_140' title='bbox 379 1642 618 1695; x_wconf 81' lang='lat' dir='ltr'>pateretur.</span> <span class='ocrx_word' id='word_1_141' title='bbox 652 1627 898 1690; x_wconf 69' lang='lat' dir='ltr'>referrique</span> <span class='ocrx_word' id='word_1_142' title='bbox 929 1625 1098 1688; x_wconf 78' lang='lat' dir='ltr'>tegulas</span> <span class='ocrx_word' id='word_1_143' title='bbox 1126 1626 1175 1670; x_wconf 85' lang='lat'>&amp;</span> <span class='ocrx_word' id='word_1_144' title='bbox 1201 1621 1400 1669; x_wconf 76' lang='lat' dir='ltr'>resarciri</span> <span class='ocrx_word' id='word_1_145' title='bbox 1432 1624 1541 1671; x_wconf 70' lang='lat' dir='ltr'>tecta</span> <span class='ocrx_word' id='word_1_146' title='bbox 1557 1661 1577 1683; x_wconf 87' lang='lat'>‚</span> 
     </span>
     <span class='ocr_line' id='line_1_21' title="bbox 275 1696 1577 1764; baseline -0.008 -9"><span class='ocrx_word' id='word_1_147' title='bbox 275 1709 386 1755; x_wconf 85' lang='lat' dir='ltr'>ficut</span> <span class='ocrx_word' id='word_1_148' title='bbox 414 1705 612 1760; x_wconf 76' lang='lat' dir='ltr'>fuerant,</span> <span class='ocrx_word' id='word_1_149' title='bbox 633 1702 766 1764; x_wconf 53' lang='lat' dir='ltr'>{uffin</span> <span class='ocrx_word' id='word_1_150' title='bbox 795 1703 851 1747; x_wconf 71' lang='lat' dir='ltr'>Et</span> <span class='ocrx_word' id='word_1_151' title='bbox 882 1699 1032 1747; x_wconf 61' lang='lat' dir='ltr'>Perlea</span> <span class='ocrx_word' id='word_1_152' title='bbox 1061 1698 1246 1762; x_wconf 79' lang='lat' dir='ltr'>quidem</span> <span class='ocrx_word' id='word_1_153' title='bbox 1277 1713 1381 1745; x_wconf 86' lang='lat' dir='ltr'>cum</span> <span class='ocrx_word' id='word_1_154' title='bbox 1403 1696 1577 1759; x_wconf 82' lang='lat' dir='ltr'>majore</span> 
     </span>
     <span class='ocr_line' id='line_1_22' title="bbox 274 1769 1575 1839; baseline -0.006 -12"><span class='ocrx_word' id='word_1_155' title='bbox 274 1781 373 1828; x_wconf 79' lang='lat' dir='ltr'>filio</span> <span class='ocrx_word' id='word_1_156' title='bbox 396 1777 626 1839; x_wconf 71' lang='lat' dir='ltr'>Philippo‚</span> <span class='ocrx_word' id='word_1_157' title='bbox 655 1774 845 1820; x_wconf 76' lang='lat' dir='ltr'>traditos</span> <span class='ocrx_word' id='word_1_158' title='bbox 873 1774 924 1819; x_wconf 83' lang='lat' dir='ltr'>A.</span> <span class='ocrx_word' id='word_1_159' title='bbox 958 1772 1190 1833; x_wconf 77' lang='lat' dir='ltr'>Postumio</span> <span class='ocrx_word' id='word_1_160' title='bbox 1208 1807 1222 1830; x_wconf 83' lang='lat'>‚</span> <span class='ocrx_word' id='word_1_161' title='bbox 1250 1771 1297 1817; x_wconf 91' lang='lat' dir='ltr'>in</span> <span class='ocrx_word' id='word_1_162' title='bbox 1325 1769 1575 1819; x_wconf 84' lang='lat' dir='ltr'>custodiam</span> 
     </span>
     <span class='ocr_line' id='line_1_23' title="bbox 272 1844 1576 1904; baseline -0.007 -2"><span class='ocrx_word' id='word_1_163' title='bbox 272 1855 420 1904; x_wconf 74' lang='lat' dir='ltr'>misit:</span> <span class='ocrx_word' id='word_1_164' title='bbox 443 1851 580 1898; x_wconf 81' lang='lat' dir='ltr'>filiam</span> <span class='ocrx_word' id='word_1_165' title='bbox 610 1867 712 1897; x_wconf 87' lang='lat' dir='ltr'>cum</span> <span class='ocrx_word' id='word_1_166' title='bbox 742 1848 921 1895; x_wconf 81' lang='lat' dir='ltr'>minore</span> <span class='ocrx_word' id='word_1_167' title='bbox 946 1846 1043 1893; x_wconf 77' lang='lat' dir='ltr'>filio</span> <span class='ocrx_word' id='word_1_168' title='bbox 1059 1883 1071 1903; x_wconf 82' lang='lat'>,</span> <span class='ocrx_word' id='word_1_169' title='bbox 1095 1863 1118 1892; x_wconf 81' lang='lat' dir='ltr'>a</span> <span class='ocrx_word' id='word_1_170' title='bbox 1134 1845 1426 1892; x_wconf 78' lang='lat' dir='ltr'>Samothrace</span> <span class='ocrx_word' id='word_1_171' title='bbox 1452 1844 1576 1893; x_wconf 84' lang='lat' dir='ltr'>acci-</span> 
     </span>
     <span class='ocr_line' id='line_1_24' title="bbox 271 1920 1410 1988; baseline -0.008 -11"><span class='ocrx_word' id='word_1_172' title='bbox 271 1943 350 1977; x_wconf 73' lang='lat' dir='ltr'>tos</span> <span class='ocrx_word' id='word_1_173' title='bbox 372 1924 710 1988; x_wconf 73' lang='lat' dir='ltr'>Amphipolim,</span> <span class='ocrx_word' id='word_1_174' title='bbox 729 1923 858 1969; x_wconf 84' lang='lat' dir='ltr'>omni</span> <span class='ocrx_word' id='word_1_175' title='bbox 890 1921 1062 1968; x_wconf 83' lang='lat' dir='ltr'>liberali</span> <span class='ocrx_word' id='word_1_176' title='bbox 1086 1921 1210 1968; x_wconf 86' lang='lat' dir='ltr'>cultu</span> <span class='ocrx_word' id='word_1_177' title='bbox 1238 1920 1410 1968; x_wconf 86' lang='lat' dir='ltr'>habuit.</span> 
     </span>
     <span class='ocr_line' id='line_1_25' title="bbox 340 1992 1577 2060; baseline -0.006 -12"><span class='ocrx_word' id='word_1_178' title='bbox 340 2001 518 2048; x_wconf 80' lang='lat' dir='ltr'>XXlX.</span> <span class='ocrx_word' id='word_1_179' title='bbox 556 1996 648 2060; x_wconf 75' lang='lat' dir='ltr'>Ipse</span> <span class='ocrx_word' id='word_1_180' title='bbox 664 2034 677 2053; x_wconf 90' lang='lat'>‚</span> <span class='ocrx_word' id='word_1_181' title='bbox 698 1996 775 2042; x_wconf 82' lang='lat' dir='ltr'>ubi</span> <span class='ocrx_word' id='word_1_182' title='bbox 795 1996 887 2042; x_wconf 83' lang='lat' dir='ltr'>dies</span> <span class='ocrx_word' id='word_1_183' title='bbox 916 1994 1044 2041; x_wconf 79' lang='lat' dir='ltr'>venit</span> <span class='ocrx_word' id='word_1_184' title='bbox 1064 2031 1076 2052; x_wconf 85' lang='lat'><strong>,</strong></span> <span class='ocrx_word' id='word_1_185' title='bbox 1106 2010 1200 2056; x_wconf 84' lang='lat' dir='ltr'>quo</span> <span class='ocrx_word' id='word_1_186' title='bbox 1220 1992 1361 2039; x_wconf 83' lang='lat' dir='ltr'>adeffe</span> <span class='ocrx_word' id='word_1_187' title='bbox 1380 1992 1577 2057; x_wconf 43' lang='lat' dir='ltr'>Amphi*</span> 
     </span>
     <span class='ocr_line' id='line_1_26' title="bbox 275 2064 1576 2140; baseline -0.007 -19"><span class='ocrx_word' id='word_1_188' title='bbox 275 2075 375 2140; x_wconf 82' lang='lat' dir='ltr'>poli</span> <span class='ocrx_word' id='word_1_189' title='bbox 416 2074 558 2119; x_wconf 82' lang='lat' dir='ltr'>denos</span> <span class='ocrx_word' id='word_1_190' title='bbox 598 2070 826 2133; x_wconf 73' lang='lat' dir='ltr'>principes</span> <span class='ocrx_word' id='word_1_191' title='bbox 869 2067 1106 2114; x_wconf 84' lang='lat' dir='ltr'>civitatum</span> <span class='ocrx_word' id='word_1_192' title='bbox 1158 2065 1334 2127; x_wconf 70' lang='lat' dir='ltr'>jusserat</span> <span class='ocrx_word' id='word_1_193' title='bbox 1351 2102 1365 2124; x_wconf 92' lang='lat'><em>‚</em></span> <span class='ocrx_word' id='word_1_194' title='bbox 1403 2064 1576 2112; x_wconf 80' lang='lat' dir='ltr'>literas-</span> 
     </span>
     <span class='ocr_line' id='line_1_27' title="bbox 273 2138 1574 2211; baseline -0.006 -18"><span class='ocrx_word' id='word_1_195' title='bbox 273 2143 363 2211; x_wconf 85' lang='lat' dir='ltr'>que</span> <span class='ocrx_word' id='word_1_196' title='bbox 385 2161 543 2191; x_wconf 84' lang='lat' dir='ltr'>omnes</span> <span class='ocrx_word' id='word_1_197' title='bbox 560 2180 573 2201; x_wconf 90' lang='lat'>,</span> <span class='ocrx_word' id='word_1_198' title='bbox 605 2160 707 2206; x_wconf 76' lang='lat' dir='ltr'>quae</span> <span class='ocrx_word' id='word_1_199' title='bbox 733 2142 899 2203; x_wconf 84' lang='lat' dir='ltr'>ubique</span> <span class='ocrx_word' id='word_1_200' title='bbox 919 2140 1133 2201; x_wconf 76' lang='lat' dir='ltr'>depofitae</span> <span class='ocrx_word' id='word_1_201' title='bbox 1156 2138 1292 2185; x_wconf 74' lang='lat' dir='ltr'>essent</span> <span class='ocrx_word' id='word_1_202' title='bbox 1312 2175 1325 2196; x_wconf 89' lang='lat'>‚</span> <span class='ocrx_word' id='word_1_203' title='bbox 1357 2140 1406 2186; x_wconf 89' lang='lat'>&amp;</span> <span class='ocrx_word' id='word_1_204' title='bbox 1440 2155 1574 2201; x_wconf 88' lang='lat' dir='ltr'>pecu-</span> 
     </span>
     <span class='ocr_line' id='line_1_28' title="bbox 281 2210 1573 2281; baseline -0.008 -15"><span class='ocrx_word' id='word_1_205' title='bbox 281 2221 401 2267; x_wconf 82' lang='lat' dir='ltr'>niam</span> <span class='ocrx_word' id='word_1_206' title='bbox 422 2218 591 2281; x_wconf 77' lang='lat' dir='ltr'>regiam</span> <span class='ocrx_word' id='word_1_207' title='bbox 612 2215 844 2271; x_wconf 79' lang='lat' dir='ltr'>conferri,</span> <span class='ocrx_word' id='word_1_208' title='bbox 872 2231 974 2261; x_wconf 80' lang='lat' dir='ltr'>cum</span> <span class='ocrx_word' id='word_1_209' title='bbox 996 2214 1148 2259; x_wconf 87' lang='lat' dir='ltr'>decem</span> <span class='ocrx_word' id='word_1_210' title='bbox 1174 2212 1328 2275; x_wconf 76' lang='lat' dir='ltr'>legatis</span> <span class='ocrx_word' id='word_1_211' title='bbox 1346 2244 1360 2266; x_wconf 92' lang='lat'>,</span> <span class='ocrx_word' id='word_1_212' title='bbox 1380 2210 1573 2258; x_wconf 83' lang='lat' dir='ltr'>circum·</span> 
     </span>
     <span class='ocr_line' id='line_1_29' title="bbox 275 2282 1579 2353; baseline -0.006 -13"><span class='ocrx_word' id='word_1_213' title='bbox 275 2292 375 2353; x_wconf 12' lang='lat' dir='ltr'>«fusa</span> <span class='ocrx_word' id='word_1_214' title='bbox 405 2291 535 2338; x_wconf 83' lang='lat' dir='ltr'>omni</span> <span class='ocrx_word' id='word_1_215' title='bbox 571 2289 859 2336; x_wconf 86' lang='lat' dir='ltr'>multitudine</span> <span class='ocrx_word' id='word_1_216' title='bbox 897 2286 1203 2333; x_wconf 74' lang='lat' dir='ltr'>Macedonum</span> <span class='ocrx_word' id='word_1_217' title='bbox 1227 2320 1241 2343; x_wconf 88' lang='lat'>‚</span> <span class='ocrx_word' id='word_1_218' title='bbox 1279 2284 1325 2330; x_wconf 89' lang='lat' dir='ltr'>in</span> <span class='ocrx_word' id='word_1_219' title='bbox 1359 2282 1579 2344; x_wconf 75' lang='lat' dir='ltr'>tribunali¹</span> 
     </span>
     <span class='ocr_line' id='line_1_30' title="bbox 278 2357 1574 2425; baseline -0.009 -10"><span class='ocrx_word' id='word_1_220' title='bbox 278 2366 500 2416; x_wconf 83' lang='lat' dir='ltr'>consedit.</span> <span class='ocrx_word' id='word_1_221' title='bbox 530 2364 718 2412; x_wconf 82' lang='lat' dir='ltr'>Affuetis</span> <span class='ocrx_word' id='word_1_222' title='bbox 738 2361 862 2425; x_wconf 80' lang='lat' dir='ltr'>regio</span> <span class='ocrx_word' id='word_1_223' title='bbox 891 2361 1083 2423; x_wconf 82' lang='lat' dir='ltr'>imperio</span> <span class='ocrx_word' id='word_1_224' title='bbox 1104 2373 1254 2406; x_wconf 80' lang='lat' dir='ltr'>tamen</span> <span class='ocrx_word' id='word_1_225' title='bbox 1277 2375 1453 2406; x_wconf 86' lang='lat' dir='ltr'>novum</span> <span class='ocrx_word' id='word_1_226' title='bbox 1476 2357 1574 2404; x_wconf 82' lang='lat' dir='ltr'>for’-</span> 
     </span>
     <span class='ocr_line' id='line_1_31' title="bbox 279 2431 1574 2499; baseline -0.01 -11"><span class='ocrx_word' id='word_1_227' title='bbox 279 2458 398 2488; x_wconf 83' lang='lat' dir='ltr'>mam</span> <span class='ocrx_word' id='word_1_228' title='bbox 418 2438 659 2485; x_wconf 85' lang='lat' dir='ltr'>terribilem</span> <span class='ocrx_word' id='word_1_229' title='bbox 683 2435 874 2499; x_wconf 82' lang='lat' dir='ltr'>praebuit</span> <span class='ocrx_word' id='word_1_230' title='bbox 898 2433 1092 2481; x_wconf 85' lang='lat' dir='ltr'>tribunal</span> <span class='ocrx_word' id='word_1_231' title='bbox 1108 2470 1120 2492; x_wconf 87' lang='lat'>‚</span> <span class='ocrx_word' id='word_1_232' title='bbox 1146 2433 1382 2478; x_wconf 87' lang='lat' dir='ltr'>submotor</span> <span class='ocrx_word' id='word_1_233' title='bbox 1401 2431 1574 2487; x_wconf 85' lang='lat' dir='ltr'>aditus,</span> 
     </span>
     <span class='ocr_line' id='line_1_32' title="bbox 268 2502 1574 2579; baseline -0.01 -19"><span class='ocrx_word' id='word_1_234' title='bbox 268 2528 434 2578; x_wconf 51' lang='lat' dir='ltr'>⁴praeco</span> <span class='ocrx_word' id='word_1_235' title='bbox 451 2547 466 2575; x_wconf 81' lang='lat'><strong><em>,</em></strong></span> <span class='ocrx_word' id='word_1_236' title='bbox 489 2509 697 2566; x_wconf 63' lang='lat' dir='ltr'>accentus</span> <span class='ocrx_word' id='word_1_237' title='bbox 712 2544 730 2579; x_wconf 81' lang='lat'>2,</span> <span class='ocrx_word' id='word_1_238' title='bbox 749 2507 918 2570; x_wconf 81' lang='lat' dir='ltr'>insueta</span> <span class='ocrx_word' id='word_1_239' title='bbox 939 2507 1093 2565; x_wconf 72' lang='lat' dir='ltr'>omnia</span> <span class='ocrx_word' id='word_1_240' title='bbox 1113 2505 1262 2578; x_wconf 63' lang='grc' dir='ltr'>00.ιὶὶρἶ</span> <span class='ocrx_word' id='word_1_241' title='bbox 1280 2502 1574 2568; x_wconf 66' lang='lat' dir='ltr'>auribusque3</span> 
     </span>
    </p>
   </div>
  </div>
 </body>
</html>
