1673 3052
246 204 338 255 216
478 271 482 276 ⁵
597 201 1166 250 T1T1L1v11

244 313 418 362 Italiam
444 313 536 359 ire:
567 310 644 374 qui
676 327 771 357 non
801 308 1012 372 paruisset
1044 306 1270 371 imperio,
1307 322 1430 355 mors
1459 306 1537 354 de·

245 388 465 434 nuntiata.
500 387 640 448 Leges
661 382 950 430 Macedoniae
983 382 1105 430 dedit
1131 398 1232 429 cum
1254 391 1378 429 tanta
1397 396 1535 440 cura,

246 472 298 507 ut
323 476 417 505 non
437 457 636 504 hostibus
656 458 786 505 vietis
800 492 814 515 ‚
837 456 910 503 sed
934 454 1069 503 sociis
1085 456 1199 503 bene
1216 454 1384 502 meritis
1397 490 1411 513 ,
1430 454 1536 503 dare

247 535 509 581 videretur:
544 534 594 579 &
613 549 721 596 quas
746 548 802 579 ne
827 531 929 579 usus
950 531 1130 595 quidem
1161 531 1302 595 longo
1330 543 1536 593 tempore

249 605 361 669 (qui
392 622 508 652 unus
535 605 596 651 est
618 605 763 667 legum
782 602 1049 669 qorrector)
1071 603 1347 667 experiendo
1377 619 1537 668 argue-

247 691 330 725 ret.
365 679 436 725 Ab
456 677 576 724 seriis
597 678 730 722 rebus
752 677 974 724 ludicrum
994 713 1008 733 ‚
1036 675 1162 740 quod
1189 692 1244 721 ex
1269 674 1415 721 multo
1437 687 1540 720 ante

250 763 505 814 praeparato
524 786 536 808 ‚
562 751 611 796 δέ
629 749 674 795 in
695 748 806 795 Asiae
827 748 1034 795 civitates
1049 784 1061 804 ‚
1096 749 1146 795 &
1163 748 1216 793 ad
1234 763 1358 809 reges
1380 746 1540 804 miffis,

250 822 332 885 qni
364 823 710 877 denuntiarent,
732 823 783 868 &
812 837 914 867 cum
941 819 1199 867 circumiret
1228 818 1319 881 ipse
1349 818 1541 865 Graeciae

254 895 490 953 civitates,
526 894 750 940 indixerat
784 893 1095 954 principibus,
1133 908 1297 955 magno
1327 903 1543 954 apparatu

253 967 521 1029 Amphiooli
551 967 673 1014 fecit.
707 968 820 1029 Nam
840 968 889 1013 &
909 964 1128 1013 artificum
1162 964 1311 1012 omnis
1344 963 1542 1027 generis,

255 1041 338 1104 qui
365 1038 582 1086 ludicr'am
610 1052 749 1087 artem
777 1039 1030 1096 faciebant,
1057 1055 1114 1084 ex
1138 1050 1242 1084 toto
1263 1037 1375 1084 orbe
1405 1049 1543 1082 terra-

255 1131 356 1160 rum
390 1113 636 1160 multitudo
652 1149 665 1170 ‚
690 1115 736 1159 ὃς
761 1113 1028 1158 athletarum
1049 1146 1060 1167 ,
1087 1112 1137 1158 &
1156 1108 1378 1156 nobilium
1397 1125 1544 1171 equo·-

257 1204 358 1233 rum
381 1186 630 1233 convenit:
649 1187 698 1232 &
718 1184 965 1249 legationes
986 1201 1086 1231 cum
1108 1182 1326 1239 viffimis,
1345 1184 1394 1229 &
1416 1180 1548 1244 quid-

258 1258 370 1319 quid
389 1258 509 1302 aliud
529 1258 737 1304 Deorum
760 1255 1089 1316 hominumque
1109 1251 1234 1299 causa
1257 1251 1355 1298 fieri
1376 1244 1548 1314 magnis

260 1331 378 1377 ludis
397 1331 442 1375 in
469 1329 646 1376 Graecia
665 1329 791 1375 solet.
824 1332 885 1374 lta
905 1327 1069 1374 saelum
1090 1325 1179 1383 est,
1200 1340 1249 1372 ut
1267 1341 1362 1370 non
1383 1321 1549 1386 magni-

261 1404 490 1452 ficentiam
515 1415 687 1449 tantum
704 1438 716 1458 ‚
743 1401 814 1448 sed
836 1400 1116 1462 prudentiam
1137 1399 1184 1445 in
1211 1397 1363 1444 dandis
1383 1395 1550 1458 speRa·

261 1477 377 1523 culis
397 1511 411 1533 ‚
442 1475 496 1522 ad
523 1492 624 1537 quae
655 1472 786 1521 rudes
817 1485 912 1518 tum
936 1471 1133 1518 Romani
1168 1480 1322 1524 erant,
1359 1468 1552 1532 admira-

262 1562 434 1596 rentur.
475 1546 630 1608 Epulae
657 1563 839 1609 quoque
860 1543 1160 1609 legationibus
1182 1553 1345 1605 paratae
1365 1542 1413 1588 ὃ(
1435 1556 1553 1603 opu-

264 1620 403 1666 lentia
422 1622 470 1667 &
493 1636 599 1666 cura
618 1616 785 1665 eadem.
820 1617 970 1680 Vulgo
992 1615 1156 1662 diflum
1175 1613 1307 1676 ipsius
1326 1612 1553 1671 serebant,

264 1695 316 1740 &
339 1692 612 1740 convivium
642 1690 886 1747 instruere,
915 1691 963 1735 &
995 1688 1127 1735 ludos
1153 1702 1332 1750 parare,
1359 1684 1554 1748 ejusdem

267 1765 352 1812 effe
369 1801 382 1821 ‚
413 1764 490 1827 qui
519 1764 704 1811 vincere
724 1762 843 1809 bello
863 1761 1007 1809 sciret.

333 1838 548 1885 XXXm.
583 1835 718 1884 Edito
749 1833 926 1882 ludicro
953 1832 1101 1880 omnis
1136 1830 1338 1896 generis,
1360 1827 1556 1894 clypeis-
1597 1880 1600 1883 ,

267 1927 357 1973 que
380 1910 504 1957 aereis
535 1910 581 1956 in
602 1925 742 1956 naves
762 1906 1010 1970 impositis,
1042 1918 1187 1953 cetera
1210 1904 1359 1951 omnis
1381 1901 1557 1966 generis

267 1999 424 2040 arma,
460 1983 687 2031 cumulata
717 1982 763 2029 in
799 1982 1027 2044 ingentem
1064 1995 1313 2035 acervum,
1352 1988 1557 2039 precatus

270 2057 495 2111 Martem,
527 2054 810 2108 Minervam,
842 2055 1071 2116 Luamque
1105 2065 1288 2099 matrem
1309 2083 1324 2106 ,
1356 2051 1404 2097 &
1436 2060 1557 2097 cete·

269 2143 346 2173 ros
373 2127 502 2172 Deos
519 2163 531 2182 ‚
563 2127 724 2189 quibus
745 2126 886 2189 spolia
919 2126 1116 2172 hostium
1147 2126 1292 2172 dicare
1317 2124 1382 2184 jus
1408 2122 1556 2185 fasque

269 2200 332 2245 cst
348 2236 361 2256 ‚
383 2200 474 2262 ipse
495 2201 768 2263 imperator,
789 2200 884 2247 face
904 2200 1072 2247 subdita
1089 2237 1103 2259 ‚
1123 2198 1368 2246 succendit.
1397 2197 1555 2243 deinde

271 2272 608 2321 circumstantes
639 2273 808 2319 tribuni
837 2273 1031 2320 militum
1053 2290 1137 2336 pro
1157 2273 1198 2319 se
1218 2271 1404 2336 quisque
1435 2271 1557 2333 ignes

273 2346 580 2408 conjecerunt.
614 2348 784 2399 Notata
813 2347 874 2394 est
906 2347 951 2393 in
985 2347 1067 2393 illo
1098 2358 1334 2393 conventu
1364 2347 1560 2405 Europae

273 2420 506 2484 Asiaeque,
540 2422 736 2484 undique
764 2422 924 2484 partim
955 2422 1007 2468 ad
1044 2421 1426 2486 gratulationem,
1461 2433 1558 2480 par·

275 2497 355 2545 tim
389 2497 443 2545 ad
477 2495 773 2561 spefilaculum
811 2497 1039 2545 contrafia
1071 2495 1388 2550 multitudine,
1428 2491 1560 2538 tantis
