1673 3052
273 202 366 253 254
431 187 523 235 JO.
571 186 1075 236 FREINSHEMII
1114 188 1465 239 SUPPLEM

268 303 402 336 contra
417 295 589 347 gentium
605 295 690 344 jura
707 302 904 346 patratum
922 326 932 344 ,
945 302 1068 336 totam
1084 294 1192 336 istam
1208 296 1337 338 aulam
1353 297 1565 340 aversantio‘

267 358 351 398 bus.
373 357 508 408 Igitur,
521 355 730 407 Apollonio
750 356 948 409 Apollonii
974 358 1015 398 F.
1031 358 1250 400 consultore
1268 363 1439 414 (quippe
1452 361 1563 415 Poly-

267 419 371 469 bius,
386 419 542 472 ingenio
560 421 596 459 δε
613 418 681 458 usu
696 418 904 459 excellenti
922 420 1126 471 praeditus,
1143 424 1342 463 communi
1358 424 1562 475 proverbio

266 481 369 531 usus,
384 495 519 522 caveret
532 482 588 521 bis
602 483 652 525 ad
665 484 808 522 eundem
821 483 976 536 lapidem
989 484 1185 537 Impingere‚
1199 485 1439 543 dissuaserat)
1455 486 1562 527 sena-

266 553 353 586 tum
373 545 476 586 adire
492 545 641 595 statuit,
658 553 703 585 ut
715 576 727 595 ‚
739 548 778 599 fi
789 560 929 600 regnare
944 546 1075 585 Patres
1088 547 1305 588 Antiochum
1314 550 1475 599 mallent,
1490 551 1562 604 ipse

258 604 387 662 fizltem
414 607 602 659 necestitate
622 621 690 662 pro
720 608 834 661 obfide
856 609 1021 647 manendi
1037 609 1246 661 fivlveretur.
1276 613 1355 652 Nec
1376 614 1465 652 em'm
1479 613 1561 667 jure

259 672 301 726 fi
325 671 496 721 attineri,
523 683 656 711 mortno
686 669 902 725 Epiphane,
928 670 1033 724 cujus
1067 671 1107 709 in
1132 671 1244 711 locum
1270 673 1369 728 obses
1398 673 1470 729 ips&
1487 676 1564 728 sa-

266 736 340 772 &us
370 733 461 786 effu.

337 796 532 837 XXXIV.
570 796 665 837 Haec
692 807 783 835 cum
811 796 867 836 ita
891 796 1158 848 nequidquam
1190 796 1412 849 postulaffet
1435 797 1564 854 (nihil

267 860 370 899 enim
394 859 610 908 acciderat,
638 871 706 898 cur
731 858 902 910 priorem
929 859 1161 899 sententiam
1187 858 1337 900 senatus
1366 863 1564 910 mutaret)

268 923 318 962 ad
341 921 414 962 alia
443 922 600 962 consilia
627 920 856 969 conversu8‚
881 922 1099 963 Diodorum
1125 922 1175 962 ad
1198 922 1235 962 se
1260 932 1396 973 vocat,
1423 925 1565 964 educa.

267 991 391 1024 torem
417 984 551 1033 suum,
570 986 636 1035 qui
660 996 785 1035 nuper
801 997 848 1024 ex
874 985 983 1035 Syria
1007 985 1170 1024 Romam
1195 985 1415 1025 advenerat.
1437 985 1499 1035 Is,
1518 994 1562 1026 ut

266 1055 346 1086 erat
375 1047 496 1087 homo
527 1045 715 1095 callidus,
746 1048 783 1086 &
810 1046 877 1096 qui
905 1045 1130 1097 praesentem
1160 1047 1265 1098 regni
1292 1047 1430 1087 statum
1451 1060 1565 1088 accu-

265 1117 346 1149 tate
375 1117 546 1158 teneret,
576 1109 769 1156 ostendit,
797 1107 899 1147 nulla
927 1124 961 1147 re
991 1108 1092 1157 alia,
1117 1123 1345 1162 prceterquam
1375 1112 1562 1164 praesentia

266 1173 458 1220 Demetrii,
474 1171 555 1224 sore
579 1186 668 1225 opus
684 1186 696 1210 .·
724 1171 778 1219 ei,
803 1171 862 1209 ubi
885 1170 1084 1223 conspeffus
1100 1171 1250 1222 primum
1274 1171 1352 1224 effit
1366 1202 1380 1218 ,
1398 1173 1563 1226 protinus

264 1245 383 1270 omnes
405 1232 616 1283 adhaefictos.
648 1234 746 1272 Nam
770 1233 805 1272 δ’
826 1234 968 1283 Lysiam
992 1234 1144 1286 invisum
1163 1232 1418 1285 popularibus,
1441 1234 1478 1273 6·
1495 1247 1561 1286 po-

259 1295 383 1348 pulum
404 1294 516 1345 Lyfiae
530 1292 723 1360 suspet‘lum
747 1290 835 1344 ff,
855 1307 962 1344 neque
987 1310 1010 1333 a
1037 1295 1212 1333 Romanis
1230 1295 1447 1345 timendum,·
1471 1311 1561 1335 nutz-

266 1370 369 1408 quam
395 1356 485 1394 enim
511 1355 536 1393 it
541 1370 580 1403 s,
605 1369 746 1408 quorum
771 1367 874 1405 opera
905 1354 969 1392 Cn.
989 1353 1175 1395 OHavium
1195 1358 1342 1411 occifitm
1365 1358 1428 1410 ff
1449 1361 1561 1398 crede.

265 1430 362 1466 rent,
378 1418 556 1456 auxilium
578 1417 725 1456 laturos.
754 1416 895 1455 Nihil
884 1417 992 1469 lgitur
1014 1416 1148 1454 aliud
1135 1430 1173 1454 m
1188 1416 1370 1469 praeftntz‘a
1391 1422 1564 1458 meditan-

265 1481 347 1518 dum
363 1509 373 1527 ‚
399 1480 465 1531 nist
488 1494 558 1532 qua
586 1479 722 1517 ratione
744 1476 844 1530 ficgae
870 1478 1050 1530 confilium
1069 1476 1281 1529 fhleruffi'me
1309 1492 1401 1517 nunc
1428 1489 1536 1531 tegere
1550 1508 1564 1528 ,

264 1555 347 1578 mox
368 1540 510 1593 exsequi
537 1538 648 1593 poffit.
679 1538 932 1588 Adolescens,
958 1538 1121 1589 probata
1155 1538 1318 1578 Diodori
1345 1538 1557 1588 sententia,

266 1616 347 1642 rem
363 1615 452 1642 cum
471 1603 632 1654 Polybio
657 1603 945 1643 communicat:
965 1616 1032 1654 per
1054 1602 1159 1640 hunc
1183 1600 1451 1654 Menithyllus,
1470 1602 1561 1643 Phi-

265 1664 463 1705 lometoris
486 1666 659 1717 AEgyptii
683 1665 855 1717 legatus,
870 1665 1069 1705 Demetrio
1086 1663 1327 1705 conciliatur.
1361 1664 1398 1706 Is
1421 1678 1562 1708 navem

266 1728 452 1768 Punicam
482 1729 642 1776 nadtus,
661 1740 744 1778 quae
772 1728 962 1777 primitias
995 1725 1226 1778 Carthagine
1250 1728 1399 1779 Tyrum
1425 1741 1475 1769 ex
1498 1742 1562 1770 ve-

265 1792 336 1830 teri
362 1789 547 1841 religione
577 1788 763 1838 vehebat,
795 1789 898 1839 quafi
926 1789 1058 1828 usurus
1083 1803 1127 1829 ea
1156 1791 1205 1830 ad
1236 1791 1405 1830 reditum
1433 1791 1564 1841 suum,

266 1851 395 1902 palam
421 1864 511 1890 cum
536 1851 660 1889 nautis
686 1850 913 1902 paciscitur:
942 1852 1125 1890 convenit
1149 1852 1198 1890 de
1225 1852 1427 1902 mercede;
1452 1865 1560 1893 eom-

266 1922 420 1963 paratur
444 1926 489 1952 ac
516 1913 677 1952 infertur
708 1920 978 1960 commeatu83
1008 1920 1162 1963 tempus
1185 1913 1439 1964 profefflonis
1465 1926 1556 1955 con.

268 1974 443 2013 stituitur.

327 2036 497 2076 XXXV.
516 2038 586 2077 His
617 2040 669 2076 ita
697 2038 912 2089 praeparatis
929 2067 939 2085 ‚
959 2038 1205 2088 praemittitur
1232 2037 1269 2076 in
1294 2038 1440 2090 Syriam
1466 2040 1561 2081 Dio.

270 2099 398 2138 dorus.
429 2098 646 2138 Demetrius
669 2099 710 2137 in
737 2112 819 2139 eam
850 2101 977 2149 diem,
997 2113 1070 2150 qua
1101 2107 1180 2138 erat
1207 2099 1402 2151 abiturus,
1422 2102 1558 2152 paucis

268 2160 567 2199 domesticorum
587 2160 715 2200 secum
737 2163 895 2200 retentis
911 2193 924 2208 ,
940 2174 1082 2200 ceteram
1100 2162 1235 2200 turbam
1248 2164 1434 2214 praecedere
1454 2165 1559 2203 Ana·

264 2222 403 2273 gaiam,
417 2221 528 2269 jubet
544 2235 554 2270 ;
571 2223 606 2261 ἅ
620 2237 695 2260 cum
716 2223 859 2261 canibus
878 2236 1116 2276 apparatuque
1132 2225 1314 2270 venatico,
1331 2227 1382 2263 ad
1397 2225 1558 2265 Circaeum

259 2281 329 2333 fibi
351 2296 529 2322 occurrere.
565 2297 657 2323 nam
685 2284 738 2324 ibi
769 2284 866 2335 saepe
901 2295 1011 2325 antea
1043 2285 1239 2324 venationi
1274 2299 1431 2337 operam
1465 2288 1557 2327 dare

270 2342 531 2384 consueverat.
575 2345 686 2385 Idem
711 2346 754 2385 fit
785 2360 806 2385 a
832 2348 993 2395 ceteris,
1021 2360 1117 2398 quos
1147 2347 1291 2386 consilii
1317 2349 1523 2400 participes
1541 2379 1557 2396 ,

273 2459 523 2548 Pogffxxffl.
548 2463 667 2509 Polyb.
702 2474 778 2501 exc.
807 2461 887 2511 Leg.
915 2475 989 2510 ¹¹4·
1015 2465 1164 2511 Appian.
1191 2465 1323 2512 Syriae.
1347 2467 1370 2512 §
1398 2465 1558 2503 XXXIV.
