1673 3052
306 215 362 248 22
655 204 1219 258 T1T1L1V11

299 308 611 371 promulgavit
627 346 640 368 ‚
662 324 711 357 ut
731 329 885 375 agrum
906 315 1188 379 Campanum
1209 319 1417 368 censores
1435 321 1590 369 frueni

300 381 405 428 dum
433 385 665 433 locarent:
686 389 812 451 quod
842 389 1003 438 factum
1033 403 1106 438 tot
1132 393 1260 440 annis
1280 393 1382 457 post
1413 407 1589 458 captam

299 455 502 536 Capuam
520 475 614 506 non
636 459 866 525 fueratzut
886 463 931 510 in
949 481 1093 512 vacuo
1110 478 1351 530 vagffletur
1369 467 1589 532 cupiditas

298 542 602 594 privatorum.
642 536 759 580 Cum
795 536 841 581 in
874 536 1206 599 exspectatione
1241 538 1417 587 senatus
1453 540 1588 599 esset,

298 601 422 648 bello
444 605 519 651 etfi
548 623 644 653 non
669 607 840 654 indifio
857 644 870 663 ,
889 621 1035 656 tamen
1066 609 1152 670 jam
1173 611 1387 671 decreto,
1413 613 1488 677 qui
1514 629 1589 661 re-

297 689 403 734 gum
440 676 588 734 suam,
618 680 762 726 Persei
798 681 877 743 qui
907 681 1103 729 secuturi
1139 682 1382 731 amicitiam
1417 684 1589 746 essent,

299 746 434 810 legati
457 750 727 811 Ariarathis,
755 769 944 814 puerum
969 752 1110 800 filium
1141 754 1256 817 regis
1283 754 1428 802 secum
1446 756 1588 804 addu-

299 834 450 869 centes
465 859 479 881 ‚
517 825 712 872 Romam
761 839 997 874 venerunt.
1040 844 1238 890 quorum
1279 827 1430 875 oratio
1469 828 1554 876 fuit
1571 866 1587 887 ,

300 916 427 960 regem
457 903 717 946 educandum
737 901 879 959 filium
902 903 1083 948 Romam
1109 902 1250 966 mififfi
1266 938 1280 959 ,
1304 919 1350 949 ut
1366 903 1466 961 jam
1493 907 1588 951 inde

299 992 327 1019 a
364 994 494 1035 puero
530 975 761 1039 afficefieret
800 979 982 1023 moribus
1019 980 1228 1024 Romanis
1264 980 1589 1040 hominibusque.

300 1047 466 1102 Petere,
503 1067 550 1096 ut
575 1070 664 1097 eum
703 1071 788 1097 nort
809 1053 896 1112 fitb
931 1054 1135 1114 lzoſjvitum
1171 1053 1295 1096 modo
1322 1053 1587 1112 privatorum:

298 1121 483 1184 crssodia
499 1158 512 1179 ‚
540 1125 615 1180 led
628 1127 804 1185 publicae
826 1129 950 1171 etiam
977 1144 1079 1171 curae
1098 1143 1147 1171 ac
1163 1128 1274 1170 velut
1290 1128 1421 1170 tutelae
1439 1127 1588 1170 vellem
1624 1129 1629 1137 ’

297 1191 382 1257 effi.
428 1197 486 1241 Ea
521 1197 634 1260 regis
667 1197 832 1261 legatio
865 1209 985 1261 grata
1014 1195 1185 1243 senatui
1214 1194 1312 1242 fuit.
1349 1196 1587 1242 Decreve-

295 1278 424 1320 runt‚
440 1285 489 1315 ut
509 1271 596 1317 Cn.
616 1270 808 1318 Sicinius
827 1285 996 1332 praetor
1013 1270 1128 1316 aedes
1145 1268 1374 1316 instructas
1391 1268 1588 1323 locaret,

295 1340 374 1386 ubi
404 1340 432 1386 fi
440 1342 519 1390 lius
539 1344 656 1407 regis
676 1345 951 1407 comitesque
981 1343 1074 1401 ejus
1100 1343 1301 1388 habitare
1321 1341 1511 1405 poffent.
1530 1343 1587 1388 Et

297 1412 524 1462 Thracum
557 1416 710 1479 legatis
726 1452 740 1472 ‚
769 1417 887 1478 apud
907 1416 948 1462 se
969 1412 1315 1478 disceptantibus
1331 1447 1344 1471 ,
1363 1413 1413 1460 &
1440 1410 1587 1460 socie·-

295 1498 432 1534 tatem
455 1490 786 1544 amicitiamque
805 1489 1087 1551 petentibus,
1110 1488 1184 1543 δι,
1204 1485 1329 1550 quod
1347 1486 1585 1548 petebant,

295 1560 448 1608 datum
478 1564 538 1610 est
555 1599 569 1622 ‚
590 1567 639 1611 &
659 1582 844 1612 munera
868 1565 1023 1612 binum
1053 1562 1245 1610 millium
1261 1560 1374 1608 'aeris
1403 1560 1586 1607 summae

294 1631 342 1679 in
361 1633 557 1698 singulos
576 1636 711 1684 miffa.
737 1639 834 1684 Hos
854 1636 1012 1697 utique
1032 1634 1230 1699 populos
1244 1668 1257 1690 ,
1277 1626 1402 1697 quod
1419 1633 1475 1679 ab
1492 1647 1586 1679 ter-

294 1723 355 1767 go
385 1708 667 1755 Macedoniae
695 1709 888 1756 Thracia
920 1709 1023 1755 ess'et
1041 1744 1054 1766 ‚
1077 1707 1288 1754 affumtos
1315 1707 1362 1753 in
1393 1705 1583 1753 societa-

293 1788 383 1824 tem
415 1781 679 1838 gaudebant.
698 1782 782 1827 Sed
805 1795 854 1828 ut
875 1781 919 1827 in
940 1780 1039 1827 Asia
1061 1794 1245 1842 quoque
1265 1779 1315 1825 &
1335 1776 1487 1824 insulis
1506 1793 1584 1824 ex-

293 1854 471 1914 plorata
494 1855 647 1900 omnia
677 1854 836 1910 essent,
857 1853 930 1901 Ti.
954 1852 1196 1900 Claudium
1235 1851 1466 1896 Neronem
1484 1885 1499 1908 ,
1521 1850 1585 1897 Μ.

294 1926 555 1974 Decimium
593 1927 764 1989 legatos
797 1925 1022 1972 miserunt.
1055 1923 1175 1971 adire
1208 1937 1286 1971 eos
1319 1922 1503 1968 Cretam
1534 1922 1586 1968 δε

293 2000 511 2046 Rhodum
533 1999 766 2060 jusserunt,
781 1998 907 2044 simul
926 2012 1149 2044 renovare
1167 1993 1407 2040 amicitiam
1421 2029 1434 2051 ‚
1452 1994 1583 2040 fimul

293 2070 541 2132 speculari,
569 2090 675 2137 nsum
706 2071 934 2118 sollicitati
966 2070 1104 2117 animi
1134 2066 1367 2118 sociorum
1393 2065 1450 2113 ab
1477 2081 1583 2130 rege

292 2142 454 2192 Perseo
482 2147 632 2193 essent.

358 2220 463 2265 XX.
487 2221 533 2264 ln
557 2217 758 2281 suspensa
786 2217 970 2265 civitate
990 2215 1042 2262 ad
1068 2212 1444 2276 exspectationem
1466 2212 1582 2261 novi

292 2289 423 2345 belli,
442 2291 656 2337 nocturna
672 2289 929 2352 tempestate
949 2288 1160 2336 columna
1177 2285 1361 2332 rostrata
1376 2285 1421 2330 in
1439 2284 1582 2346 Capi-

292 2363 412 2409 tolio·
433 2366 455 2387 ⁴*
481 2363 602 2409 bello
623 2362 796 2408 Punico
822 2361 1018 2409 consulis
1034 2396 1048 2418 ,
1069 2359 1141 2406 cui
1164 2360 1339 2423 collega
1360 2360 1453 2406 Ser.
1475 2358 1582 2404 Fut-

293 2436 392 2484 vius
421 2435 529 2493 fuit,
549 2447 643 2482 tota
673 2436 726 2481 ad
748 2435 887 2481 imum
908 2433 1095 2480 fulmine
1114 2431 1298 2479 discussa
1317 2430 1389 2478 est.
1405 2433 1467 2477 Ea
1488 2445 1583 2490 res,

292 2511 490 2576 prodigii
516 2511 624 2559 loco
656 2510 828 2574 habita,
853 2511 909 2558 ad
939 2508 1139 2559 senatum
1160 2508 1297 2558 relata
1327 2505 1404 2574 est.
1429 2506 1580 2554 Patres
