1673 3052
289 152 374 201 IN
418 154 597 201 LOC.
646 153 787 199 LIB.
837 153 874 198 L
934 152 1085 198 LIV.
1281 151 1376 214 351⁴

75 259 176 301 ullas
198 267 371 300 externas
393 259 546 307 causas,
564 260 659 299 statu
674 272 885 311 regnorum
908 258 1125 298 vacillante.
1152 256 1375 309 Bithyniam

77 322 210 362 adhuc
236 322 398 361 minime
427 321 588 361 laudato
618 323 805 372 regimine
832 322 974 360 Prusias
1001 320 1216 361 obtinebat.
1244 321 1373 361 Multa

76 395 170 423 eum
187 383 281 424 vitia
305 383 478 434 corporis
501 396 732 434 morumque
755 382 1081 429 dehonestabant,
1101 383 1297 424 illiberalis
1320 385 1375 424 fa-

63 446 180 493 cies,
202 445 341 486 statura
364 447 574 485 enormiter
601 446 725 485 brevis
740 477 750 494 ,
776 445 951 485 membra
976 445 1156 484 muliebri
1180 446 1287 486 cultu
1315 450 1378 487 in·

78 507 232 547 decora.
254 520 344 546 nam
366 508 554 558 pudendo
573 508 668 548 luxu
693 507 774 547 dies
795 507 1002 557 noctesque
1027 509 1279 557 continuans,
1297 511 1378 549 ani-

79 582 268 620 mumque
295 571 333 608 δι
355 582 497 621 corpus
521 570 571 609 fic
602 569 915 616 effeminaverat,
945 582 988 608 ut
1017 582 1089 608 nec
1119 571 1169 609 ad
1204 572 1377 622 pericula

80 630 274 671 bellorum
303 631 517 681 quidquam
544 632 578 670 ci
603 631 851 679 constantiae,
879 644 1005 681 neque
1035 633 1083 670 ad
1109 632 1287 672 ferendos
1315 633 1379 674 la-

81 692 194 732 bores
217 693 368 732 roboris
392 693 612 744 superesset.
634 694 862 733 Venationis
887 703 1018 732 tamen
1043 693 1248 742 studiosus,
1270 697 1375 735 unde

75 747 114 793 8<
147 766 291 792 nomen
322 754 479 805 Cynego
504 754 606 803 fuit,
640 755 690 793 fic
717 767 874 805 quoque
907 754 1072 793 insuavis
1097 755 1375 806 popularibus,

77 829 170 856 cum
187 807 430 868 voluptatem
453 817 587 857 virtuti
606 817 841 857 fimillimam
868 830 938 868 per
959 816 1148 858 luxuriam
1168 820 1204 860 &
1227 818 1375 860 sumtus

76 880 230 931 ignavia
250 880 316 920 sua
342 880 584 931 mollitieque
613 881 833 921 infamaret.

152 942 219 981 IV.
245 940 363 982 Tales
401 952 530 980 autem
558 954 665 995 reges
696 941 802 981 nulla
833 941 954 981 ferme
979 955 1071 992 gens
1101 957 1211 994 aequo
1240 946 1373 986 animo

76 1006 248 1056 patitur:
273 1003 435 1056 Bithyni
452 1005 588 1044 ceteris
611 1006 728 1044 etiam
751 1006 904 1052 minus,
919 1006 1059 1044 durum
1084 1020 1230 1057 genus,
1259 1011 1293 1048 ἃ
1319 1023 1375 1048 re-

77 1066 190 1106 miffo
214 1067 378 1117 imperio
401 1065 707 1117 haudquaquam
724 1069 889 1114 tractatu
910 1066 1038 1106 facile.
1065 1069 1142 1108 Sed
1167 1072 1202 1109 δε
1223 1070 1263 1109 in
1284 1071 1374 1111 libi-

80 1130 190 1168 dines
216 1142 409 1180 praeceps,
432 1130 540 1168 omni
562 1142 701 1179 genere
725 1128 918 1168 foeditatis
941 1142 1082 1180 corpus
1104 1134 1378 1174 commacula-

78 1191 158 1242 bat.
186 1193 346 1232 Summa
379 1192 478 1231 inter
505 1192 586 1232 haec
614 1192 804 1232 bonarum
837 1192 976 1231 artium
1001 1193 1219 1244 imperitia,
1246 1209 1375 1247 neque

80 1255 275 1306 lapientiae
293 1255 423 1294 studiis
443 1254 545 1294 ullus
565 1257 667 1306 apud
691 1255 819 1306 ipsum
832 1254 957 1294 honos
971 1286 983 1301 ‚
1007 1269 1132 1307 neque
1154 1255 1380 1303 sermonum

80 1317 272 1368 ejusmodi
295 1317 479 1368 patientia
501 1326 567 1356 aut
583 1318 803 1357 intellectus
820 1326 912 1357 erat.
933 1320 1180 1370 Quapropter
1197 1322 1375 1371 quotidie

78 1384 123 1421 in
141 1382 252 1432 pejus
274 1389 444 1420 mutatus
456 1411 467 1429 ,
484 1381 737 1432 omniumque
750 1411 760 1429 ,
778 1382 897 1420 etiam
912 1380 1224 1423 humillimorum
1237 1415 1247 1432 ,
1263 1385 1375 1425 viti0-

76 1455 164 1481 rum
189 1440 350 1481 infamia
391 1440 576 1490 obrutus,
604 1442 643 1480 in
667 1450 775 1481 tanto
801 1444 881 1491 jam
909 1440 1067 1481 suorum
1092 1444 1184 1483 odio
1213 1447 1248 1485 δε
1275 1457 1377 1485 con-

81 1512 208 1544 temtu
230 1503 302 1542 esse
321 1513 515 1554 coeperat,
540 1512 604 1553 ut,
618 1518 735 1555 parva
758 1505 958 1544 occasione
979 1505 1132 1556 oblata,
1150 1520 1228 1547 non
1251 1510 1298 1548 ad
1319 1523 1375 1549 re-

82 1580 204 1618 gnum
230 1566 265 1604 ei
290 1566 435 1613 modo,
461 1565 527 1605 sed
551 1567 666 1606 etiam
692 1567 741 1606 ad
764 1567 881 1606 vitam
904 1568 1144 1618 eripiendam
1172 1582 1376 1611 concurre..

77 1638 191 1676 retur.
213 1627 353 1671 Filium
372 1626 542 1667 habebat
557 1629 819 1669 Nicomedem
831 1660 842 1677 ,
857 1640 1008 1679 gratum
1026 1629 1142 1682 vulgo
1155 1663 1166 1680 ,
1184 1631 1241 1671 vel
1265 1634 1374 1684 ideo,

78 1683 284 1742 quia-mali
299 1682 394 1741 regis
409 1690 528 1730 filius:
555 1690 637 1741 ipse
657 1692 836 1730 nondum
854 1692 1118 1742 imperaverat.
1145 1694 1274 1734 Prufiae
1292 1708 1374 1735 cru-

79 1753 281 1793 delitatem
307 1757 430 1805 (nam
447 1756 483 1793 Sc
499 1753 576 1793 hoc
597 1755 696 1793 inter
718 1766 841 1794 cetera
858 1755 950 1794 vitio
972 1755 1198 1807 laborabat)
1217 1771 1261 1798 ea
1279 1773 1374 1809 quo-

79 1829 155 1866 que
177 1815 397 1855 stimulabat
422 1829 534 1864 cura,
558 1830 607 1856 ne
634 1816 791 1868 Bithyni
815 1831 961 1857 novum
987 1818 1191 1870 imperium
1206 1851 1215 1868 ,
1232 1820 1374 1861 mores-

81 1891 158 1928 que
180 1877 247 1917 filii
275 1878 451 1917 nondum
482 1881 660 1929 cognitos
693 1881 880 1931 experiri,
910 1895 1025 1932 quam
1053 1881 1138 1922 saevi
1166 1882 1372 1924 luxuriosi-

82 1953 159 1990 que
175 1939 271 1979 senis
292 1940 623 1981 immedicabilem
648 1944 877 1992 pravitatem
905 1944 1050 1983 diutius
1076 1944 1260 1994 tolerare,
1280 1946 1372 1986 mal-

79 2001 174 2041 lent.
201 2003 421 2042 Accedebat
443 2006 479 2043 &
504 2004 671 2043 studium
696 2006 921 2045 consulendi
947 2007 1099 2048 alterius
1126 2012 1252 2049 uxoris
1276 2010 1372 2050 libe-

80 2064 157 2114 ris,
187 2077 353 2113 quorum
385 2066 484 2105 aetati
518 2067 782 2117 Nicomedes,
804 2068 913 2108 firma
935 2069 1012 2120 ipse
1038 2072 1218 2120 juventa,
1249 2073 1372 2122 gravis

84 2126 328 2166 imminebat.

139 2189 183 2228 V.
199 2188 335 2239 Igitur,
353 2202 583 2242 quamquam
606 2194 771 2244 pridem,
789 2203 832 2234 ut
847 2194 894 2234 ab
909 2196 1029 2235 oculis
1047 2196 1249 2235 hominum
1266 2209 1372 2235 amo.

82 2259 188 2291 veret
210 2253 417 2301 juvenem,
435 2254 476 2292 in
499 2255 634 2294 urbem
658 2256 825 2297 Romam
841 2270 929 2296 eum
952 2258 1129 2306 miserat,
1152 2272 1199 2297 nc
1224 2259 1272 2296 lic
1289 2259 1371 2308 qui-

131 2366 152 2408 §
176 2367 232 2398 111.
257 2366 379 2400 Zonar.
408 2369 555 2412 Appian.
582 2370 709 2416 Syriae.
737 2372 839 2405 Diod.
859 2386 913 2416 ap.
936 2375 1049 2406 vales.
1076 2374 1194 2416 Polyb.
1220 2387 1271 2417 ap.
1298 2375 1367 2407 Va-

81 2410 196 2488 {teg-{¹113
220 2410 420 2500 ‹331481‘3ida1m
443 2415 562 2458 Polyb.
587 2417 608 2459 §
635 2416 693 2452 IV.
717 2416 794 2451 Liv.
817 2418 907 2461 Epir.
935 2418 1053 2464 Polyb.
1074 2419 1221 2463 Applan.
1243 2420 1365 2456 Conar-

144 2478 154 2488 .
195 2481 202 2489 .
280 2482 288 2497 ‚
331 2481 340 2491 .
