1673 3052
300 201 392 266 158
660 201 1217 251 T1T1L1v11

298 327 355 358 ro
377 310 476 368 die,
495 320 547 355 ut
579 309 810 357 distineret
828 328 977 375 regem
1010 312 1066 359 ab
1090 307 1416 377 *circumspeau
1433 330 1582 363 rerum

298 384 519 441 aliarum,
551 383 694 446 prima
732 384 834 433 luce
857 386 1010 432 medio
1034 386 1081 432 in
1115 387 1252 434 alveo
1290 404 1392 435 cum
1425 388 1584 436 statie»

299 459 432 504 nibus
464 457 659 505 hostium
701 458 920 521 proelium
956 460 1195 508 commisit.
1244 472 1585 526 pugnatumque

299 531 516 593 utrinque
536 530 598 577 est
622 531 716 578 levi
737 545 985 580 armatura:
1021 550 1106 580 nec
1135 534 1420 597 gravioribus
1452 534 1587 582 armis

299 604 461 652 {utam
484 604 694 668 inaequali
720 606 855 653 alveo
881 606 1070 669 pugnari
1105 618 1295 669 poterat.
1332 606 1586 655 Descensus

300 676 411 739 ripae
433 676 666 739 utriusque
696 676 743 723 in
771 676 954 724 alveum
981 688 1290 725 trecentorum
1314 677 1455 726 ferme
1482 678 1586 741 pas-

300 751 429 797 suum
454 761 576 796 erat:
607 749 803 796 medium
839 748 1030 812 spatium
1062 751 1305 811 torrentis,
1331 751 1438 798 alibi
1460 751 1586 799 aliter

298 822 487 881 cavati,
516 821 656 885 paulo
690 822 788 885 plus
810 838 944 885 quam
970 822 1094 869 mille
1119 823 1263 886 paffus
1297 824 1488 887 patebat.
1519 824 1586 872 lbi

300 896 351 942 in
371 895 523 942 medio
536 932 551 954 ‚
573 895 867 957 spectantibus
891 897 1101 959 utrinque
1121 913 1174 942 ex
1192 896 1317 944 vallo
1339 897 1586 946 castrorum

302 970 411 1016 hinc
439 985 569 1033 rege,
598 969 704 1032 hinc
736 969 921 1016 consule
951 986 1051 1016 cum
1077 969 1165 1016 suis
1187 969 1469 1034 legionibus,
1500 988 1587 1035 pu-

301 1058 486 1107 gnatum
507 1043 583 1090 est.
600 1042 833 1090 Miffilibus
846 1045 1010 1106 procul
1023 1043 1139 1106 regia
1157 1043 1325 1091 auxilia
1344 1045 1502 1092 melius
1513 1063 1588 1108 pu·

303 1119 526 1183 gnabant‚
548 1118 759 1165 cominus
777 1117 1215 1176 stabilior&tutior,
1228 1130 1304 1164 aut
1322 1136 1497 1182 parma,
1513 1132 1589 1168 aut

301 1193 433 1240 scuto
454 1191 715 1256 Ligustino,
743 1193 978 1238 Romanus
1006 1205 1112 1238 erat.
1146 1191 1336 1238 Meridie
1353 1191 1445 1240 fere
1464 1210 1590 1242 rece-

247 1323 261 1338 ·
301 1268 402 1331 ptui
426 1268 526 1314 cani
545 1266 630 1313 suis
645 1266 803 1314 consul
822 1266 953 1327 juffit.
973 1267 1034 1314 ita
1051 1284 1108 1314 eo
1130 1269 1201 1314 die
1221 1268 1459 1316 diremtum
1475 1287 1587 1334 proe-

300 1341 413 1387 lium
443 1339 504 1386 est
519 1376 534 1398 ‚
554 1340 672 1386 haud
691 1340 848 1404 paucis
868 1340 1082 1404 utrinque
1099 1340 1356 1388 interfeffis.
1389 1343 1494 1390 Sole
1511 1359 1587 1389 or·

301 1426 355 1460 to
388 1414 570 1476 postero
607 1414 709 1471 die,
742 1412 920 1460 irritatis
953 1411 1196 1459 certamine
1229 1413 1423 1472 animis,
1453 1414 1587 1462 etiam

300 1486 446 1534 acrius
467 1485 737 1533 concursum
757 1485 842 1532 est:
863 1485 935 1534 sed
957 1485 1184 1542 Romani,
1204 1502 1301 1532 non
1327 1486 1383 1533 ab
1401 1486 1468 1543 his
1485 1499 1587 1534 tan‘-

300 1571 402 1605 tum
421 1595 435 1616 ‚
462 1575 562 1605 cum
591 1560 752 1622 quibus
783 1559 1064 1606 contraRttm
1101 1571 1325 1604 certamen
1355 1571 1477 1617 erat,
1511 1558 1586 1607 sed

302 1632 451 1680 multo
484 1633 620 1696 magis
651 1633 706 1680 ab
740 1650 790 1680 ea
817 1633 1135 1690 multitudine,
1161 1649 1262 1695 quae
1295 1631 1503 1695 dispofita
1536 1633 1586 1680 in

302 1706 501 1754 turribus
530 1707 668 1755 stabat
686 1745 698 1765 ,
725 1708 851 1756 omni
879 1724 1040 1771 genere
1067 1706 1290 1754 miffilium
1321 1708 1515 1755 telorum
1535 1726 1586 1757 ac

301 1776 418 1826 saxis
451 1779 642 1825 maxime
680 1781 1050 1828 vulnerabantur.
1090 1780 1182 1827 Ubi
1218 1779 1405 1842 propius
1442 1780 1586 1843 ripam

301 1849 499 1897 hostium
531 1849 768 1910 subissent,
804 1851 1040 1899 tormentis
1073 1851 1195 1898 missa
1225 1851 1357 1899 etiam
1385 1852 1439 1898 ad
1475 1852 1587 1898 ulti-

303 1938 404 1968 mos
431 1924 772 1983 perveniebant.
810 1925 959 1971 Multo
990 1925 1193 1988 pluribus
1219 1940 1276 1970 eo
1303 1923 1374 1970 die
1403 1923 1585 1982 amfflis,

306 1995 466 2040 consul
499 1997 635 2057 paulo
663 1997 798 2044 serius
830 1999 999 2059 recepit
1029 1998 1147 2045 suos.
1183 1997 1345 2043 Tertio
1367 1997 1439 2043 die
1458 2013 1584 2059 proe-

304 2069 371 2115 lio
394 2069 605 2116 abstinuit
619 2107 632 2125 ‚
659 2071 875 2133 degressus
892 2073 946 2116 ad
965 2070 1098 2117 imam
1119 2083 1285 2132 partem
1311 2069 1554 2122 castrorum
1568 2106 1584 2129 ‚

306 2140 450 2187 veluti
482 2158 561 2203 per
591 2142 815 2188 devexum
852 2142 897 2188 in
935 2159 1056 2188 mare
1086 2143 1318 2189 brachium
1351 2141 1587 2190 transitum

307 2226 573 2263 tentaturus.
602 2215 807 2274 Perseus,
827 2216 952 2279 quod
974 2217 1020 2262 in
1040 2215 1185 2265 oculis
1206 2227 1329 2276 erat,

941 2325 966 2347 {-

812 2360 839 2383 ss-
1067 2361 1092 2384 ἃ

371 2427 594 2475 XXXVI.
624 2430 723 2454 *⁴⁰*
751 2429 856 2476 anni
879 2431 978 2494 post
1006 2431 1321 2479 circumafiium
1354 2431 1585 2478 solstitium

304 2511 435 2547 erat:
467 2501 582 2550 hora
614 2502 701 2550 diei
734 2502 822 2566 jam
857 2505 912 2551 ad
947 2504 1180 2553 meridiem
1221 2506 1431 2568 vergebat
1461 2519 1470 2549 :
1502 2504 1585 2551 iter
