1673 3052
229 193 308 240 IN
347 192 521 239 LOC.
567 193 703 239 LIB.
754 192 984 238 XLVIII
1040 192 1191 239 LIV.
1293 209 1381 255 301

102 298 226 349 patis,
241 296 348 336 omni
367 295 510 347 reliquo
527 296 710 336 exercitui
727 297 990 347 patefecerunt
1006 298 1155 337 aditum
1166 315 1178 348 ,-
1205 299 1386 351 signoque

104 359 197 399 tuba
218 359 329 404 dato,
354 371 486 398 omnes
513 358 761 398 Caucaeorum
783 359 946 409 puberes
970 360 1017 399 ad
1037 360 1155 400 millia
1179 361 1386 401 hominum

102 420 240 470 viginti
259 419 559 468 interficiuntur,
577 419 744 459 imbellis
767 430 854 460 aetas
881 419 1065 472 sexusque
1083 424 1284 472 praemium
1303 438 1385 475 per-

102 483 200 523 fidiae
225 484 267 522 in
287 483 553 533 captivitatem
577 483 832 523 abstrahitur:
860 492 1045 539 tantaque
1067 499 1115 526 ex
1134 488 1387 528 multitudine

102 545 250 597 oppido
278 545 416 595 pauci,
447 559 514 596 per
542 554 729 597 praerupta
750 548 951 598 qmedam,
982 562 1105 599 eoque
1126 550 1298 601 neglecta
1323 565 1390 591 eu-

100 607 296 655 stodibus‚
312 606 422 655 loca,
439 601 549 657 jastis
575 610 616 647 in
632 620 798 659 praeceps
827 610 1076 660 corporibus,
1094 611 1255 652 evasere.
1284 614 1387 654 Urbe

103 669 275 718 direpta,
297 681 387 707 cum
409 669 592 708 facinoris
616 671 698 719 ejus
722 669 825 709 fama
847 684 981 710 omnes
1003 673 1112 721 juxta
1136 674 1302 724 populos
1323 688 1386 714 ve-

100 730 238 770 lociter
265 731 527 781 percurriffet,
552 732 616 782 qui
639 732 777 782 apertis
800 732 896 772 locis
923 733 1174 784 habitabant,
1193 737 1232 775 in
1256 738 1389 787 praeal-

101 799 163 832 tos
187 802 362 841 montes,
387 801 455 832 aut
479 794 625 832 munita
653 794 798 844 oppida
824 794 862 833 se
886 795 1156 844 contulerunt,
1174 799 1386 850 corruptiS,

102 868 187 905 quae
214 854 325 895 avehi
344 868 423 894 non
450 862 683 906 potuerant,
704 855 817 894 rebus
846 855 950 904 suis,
976 871 1025 897 ne
1057 859 1152 909 quid
1178 858 1276 898 hosti
1308 868 1388 900 tam

105 918 283 968 crudeli,
310 926 467 968 tamque
494 917 697 969 perfidiofo
726 919 1012 970 relinqueretur.

157 981 270 1022 XXI.
291 981 352 1021 Sic
367 979 602 1030 aliquamdiu
630 980 715 1031 plus
738 983 922 1021 exercitui
938 981 1092 1031 laboris,
1114 997 1182 1034 per
1200 984 1389 1025 desertam

105 1043 304 1093 regionem
320 1041 445 1090 eunti,
466 1055 581 1092 quam
605 1042 652 1081 ab
669 1041 869 1082 hostilibus
890 1044 1002 1082 armis
1024 1045 1185 1094 periculi
1203 1046 1299 1086 fuit:
1320 1047 1388 1086 do-

104 1118 178 1144 nec
202 1104 445 1144 Intercatiam
468 1114 718 1154 perventum,
738 1104 987 1144 Vaccaeorum
1010 1107 1045 1145 ἅ
1072 1106 1203 1156 ipsam.
1231 1108 1297 1147 ubi
1319 1109 1390 1149 Hi-

102 1166 307 1217 spanorum
331 1167 474 1217 copiae,
499 1167 648 1216 pedites
671 1166 807 1217 viginti
832 1166 977 1215 millia,
1001 1168 1077 1207 duo
1101 1170 1275 1219 equitum
1296 1183 1388 1210 con-

102 1228 291 1269 sederant.
315 1230 366 1269 Hi
390 1242 479 1268 cum
502 1242 523 1268 a
546 1228 701 1268 consule
718 1230 768 1269 ad
789 1231 1032 1270 conditiones
1058 1231 1328 1281 invitarentur,
1347 1233 1389 1272 il-

104 1289 284 1330 ludentes
308 1291 590 1341 interrogarunt
603 1320 613 1338 ,
631 1293 778 1330 eidemne
790 1293 882 1343 fidei
897 1294 1060 1332 credituri
1080 1294 1184 1346 fftzt
1196 1324 1207 1344 ,
1221 1297 1277 1334 cui
1295 1298 1392 1336 cau-

104 1354 165 1392 caei
176 1352 388 1404 credidiffivit
402 1354 420 1391 ‘2
436 1353 520 1392 Erat
539 1354 697 1392 omnino
714 1366 846 1393 eorum
864 1353 1069 1394 hominum
1089 1355 1270 1396 Lucullus
1283 1387 1294 1405 ,
1312 1358 1394 1408 qui,

108 1416 256 1466 quoties
279 1413 423 1466 aliquid
444 1415 664 1466 exprobrari
692 1415 861 1455 sentiunt
875 1448 887 1463 ,
903 1417 1067 1457 aliorum
1093 1420 1220 1469 potius
1237 1420 1391 1460 liberta-

108 1477 136 1515 ti
154 1507 164 1526 ,
179 1490 293 1527 quam
313 1476 386 1514 suis
403 1475 551 1516 delictis
566 1476 812 1525 ‚irascuntur.
838 1477 1109 1529 Itaque‚velut
1129 1481 1231 1531 gravi
1250 1482 1391 1530 injuria

107 1538 238 1587 laesus,
254 1551 387 1589 agrum
409 1539 606 1589 pervastat.
628 1540 817 1590 oppidum
839 1540 1126 1581 circumvallare
1146 1545 1390 1593 aggreditur,

108 1602 145 1640 Sc
162 1600 273 1650 saepe,
292 1599 471 1639 instructa
485 1601 565 1640 acie
580 1601 809 1651 progressuS,
823 1604 1049 1652 potestatem
1072 1605 1188 1654 aequis
1210 1604 1304 1645 locis
1323 1620 1391 1656 pu-

109 1663 253 1713 gnandi
267 1661 431 1701 hostium
452 1662 615 1702 ducibus
631 1663 736 1702 facit.
752 1665 893 1703 Verum
909 1664 985 1714 illi,
1006 1665 1153 1705 levibus
1177 1667 1322 1717 proeliis
1341 1669 1392 1707 vi-

110 1738 168 1766 res
193 1725 356 1775 experiri
384 1725 584 1774 contenti,
610 1726 658 1764 ad
685 1726 900 1776 periculum
927 1728 975 1765 de
1001 1727 1149 1768 summa
1174 1742 1301 1769 rerum
1326 1732 1391 1770 ad-

111 1788 203 1828 duci
229 1801 310 1827 non
333 1787 586 1838 patiebantur.
619 1789 671 1829 Ea
694 1802 783 1829 cum
806 1789 902 1841 saepe
927 1790 1081 1841 fierent,
1109 1792 1391 1834 Intercatiensis

108 1852 285 1903 quidam,
303 1850 512 1901 splendidis
528 1853 638 1891 armis
661 1864 817 1892 ornatus
832 1885 843 1902 ‚
863 1854 958 1905 saepe
983 1855 1182 1896 Romanos
1210 1870 1392 1908 provoca-

111 1912 178 1966 bai?
191 1943 202 1958 ,
219 1912 245 1950 sl
268 1914 350 1963 quis
371 1912 547 1963 fingulari
564 1915 771 1953 certamine
787 1915 901 1954 vellet
919 1918 1102 1967 congredi
1118 1931 1126 1958 :
1161 1920 1196 1958 ἃ
1210 1951 1220 1967 ,
1236 1921 1389 1959 nemine

111 1983 244 2015 contra
267 1984 454 2023 exeunte,
473 1974 720 2024 discedebat,
734 1977 840 2017 irrisu
857 1981 891 2018 Sc
914 1978 1090 2019 ludibriis
1108 1981 1297 2032 ignaviam
1319 1982 1393 2022 ho·

112 2036 224 2077 stium
248 2039 455 2087 exagitans.

166 2098 298 2138 XXII.
317 2099 407 2138 Non
429 2099 517 2137 tulit
541 2099 808 2152 indignitatem
832 2103 886 2142 rei
911 2103 949 2143 P.
968 2104 1118 2155 Scipio,
1136 2107 1199 2156 qui
1218 2114 1298 2145 tum
1320 2106 1389 2146 sub

113 2157 277 2198 Lucullo
298 2159 490 2209 tribunus,
516 2173 604 2199 cum
629 2174 672 2200 ea
695 2164 961 2214 magnitudine
985 2167 1124 2216 animi,
1146 2181 1259 2218 quam
1285 2168 1392 2209 haud

113 2223 236 2262 multo
269 2224 352 2273 post
378 2224 613 2274 amplissimis
644 2225 753 2275 gestis
787 2227 870 2266 orbi
899 2229 1170 2269 testatiffimain
1197 2231 1392 2278 reddidit,

114 2286 282 2335 corporis
303 2287 418 2324 etiam
443 2287 585 2337 inligne
608 2287 744 2335 robur,
761 2302 840 2328 rara
860 2290 1045 2330 felicitate
1068 2295 1331 2341 conjunxerat.
1356 2293 1391 2333 Is

50 2380 53 2384 .
112 2346 387 2398 igitur,pugna
411 2361 499 2388 curn
516 2358 767 2399 provocatore
783 2352 953 2391 conserta
967 2384 978 2401 ,
1000 2355 1197 2405 prostravit
1219 2354 1364 2394 hostem
1379 2388 1391 2403 ‚

163 2455 186 2497 §
213 2455 302 2487 XXI.
332 2457 447 2500 Polyb.
470 2470 523 2501 ap.
548 2458 653 2491 Strab.
680 2458 700 2489 l.
725 2468 757 2501 3.
786 2458 931 2501 Appiam.
959 2459 1043 2493 Plin.
1069 2471 1118 2503 37,
1146 2471 1174 2494 ῐ.
1197 2461 1271 2495 Val.
1299 2462 1392 2496 Max.

116 2509 147 2543 3,
166 2510 197 2532 2.
224 2499 297 2532 Liv.
322 2501 409 2551 Epir,
