1673 3052
323 189 416 239 430
480 175 1130 225 JO.FRE1NSHEMII
1180 161 1590 241 SUPPLEM„

377 283 522 326 XLIX.
552 284 671 335 Igitur
685 281 904 324 Demetrius
918 314 930 330 ,
947 295 1037 324 cum
1049 315 1062 332 ,
1082 282 1232 326 sublato
1253 283 1293 326 in
1315 285 1423 338 'Syria
1437 284 1602 338 aemulo,

319 349 432 389 rebus
461 347 612 398 ffigypti
642 358 707 396 per
732 346 926 402 intestinas
955 345 1167 388 discordias
1197 347 1400 398 invalidis,
1430 352 1539 392 omni
1569 351 1607 391 se

323 408 494 461 periculo
524 415 718 446 exemtum
749 407 821 446 effe
854 408 1056 455 crederet,
1085 410 1140 448 in·
1158 409 1360 461 segnitiem
1388 412 1527 463 pariter
1554 412 1611 454 fa-

321 474 494 521 stumque
514 469 736 522 prolapsus,
757 470 1065 522 magnitudinem
1078 502 1090 518 ,
1115 484 1231 523 quam
1249 473 1403 514 fortuna
1415 474 1606 518 adstruxe-

322 541 402 580 rat,
420 533 494 571 suis
511 532 673 571 consiliis
694 531 875 583 factisque
895 532 1015 583 coepit
1035 532 1225 574 demoliri.
1262 535 1340 575 Sed
1364 535 1512 576 duabus
1530 551 1608 579 ma-

321 595 427 634 xime
458 595 572 633 nebus
608 595 775 645 graviter
809 593 997 646 impegit,
1029 595 1134 646 quod
1167 597 1203 635 ἃ
1234 594 1469 647 despiciebat
1494 593 1606 647 su05‚

320 669 393 696 nec
408 670 454 696 ex
470 656 675 707 peregrinis
692 655 859 706 legebat,
875 657 1089 707 utquisque
1105 657 1231 709 aliq-ua
1247 671 1286 697 re
1301 657 1504 699 excelleret
1515 690 1527 708 ,
1541 659 1614 701 sed?

322 722 387 771 qui
416 719 498 758 snas
518 714 676 758 virtutes
700 719 946 768 impudenter
969 721 1179 768 jactarent,
1204 722 1240 760 ἃ
1268 721 1397 771 inepte
1423 721 1608 771 praedica-

319 791 405 821 rent
429 782 561 832 regias,
612 782 704 821 Non
737 789 817 820 tarn
851 781 1022 831 proclive
1055 781 1108 820 est
1140 781 1269 828 bono,
1298 794 1414 832 quam
1442 781 1606 832 sequiori

321 845 511 896 principi,
528 842 689 882 similem
712 841 767 881 sui
788 841 915 883 aulam
939 840 1116 882 efficere:
1144 841 1279 893 sponte
1302 843 1460 882 ferimur
1479 845 1521 884 in
1542 845 1607 884 de.

320 911 481 956 teriora3
511 908 695 947 virtutum
725 907 952 946 exercitatio
980 906 1146 946 difficilis
1171 907 1244 956 est,
1267 907 1384 946 etiam
1408 920 1498 948 cum
1512 921 1606 959 prae.

323 972 403 1010 mio
428 969 620 1021 placendi.
1618 979 1620 981 ·

379 1031 421 1071 L.
440 1031 560 1081 Igitur
580 1026 791 1077 Demetrio,
806 1024 974 1068 hominis
990 1026 1163 1081 regisque
1183 1029 1354 1069 officium
1368 1027 1602 1083 negligenti,

320 1105 398 1131 non
418 1092 574 1131 defuere
588 1120 598 1139 ,
614 1091 675 1141 qui
701 1090 818 1142 magis
836 1090 1031 1141 magisque
1047 1092 1286 1141 praecipitem
1312 1092 1488 1142 ad'parva
1504 1094 1605 1134 facia

320 1153 571 1204 consultaque
584 1161 750 1204 agerent.
769 1153 944 1192 Maxima
957 1167 1033 1203 prae
1050 1154 1185 1193 ceteris
1211 1155 1438 1194 auctoritate
1453 1155 1603 1195 Lasthe-

320 1229 389 1256 nes
415 1224 516 1263 erat,
544 1229 624 1255 non
645 1214 719 1254 levi
743 1215 880 1254 merito
911 1215 1058 1253 reducti
1089 1216 1128 1252 in
1161 1217 1303 1253 avitum
1327 1215 1464 1255 solium
1490 1221 1601 1268 regis.

319 1279 428 1320 illum
449 1279 665 1318 Demetrius
690 1278 804 1317 etiam
829 1279 870 1316 in
891 1276 1060 1327 publicis
1080 1277 1216 1316 edictis
1231 1284 1378 1327 patrem
1392 1289 1529 1317 vocare
1546 1277 1603 1317 so.

319 1342 430 1389 litus,
458 1341 681 1393 gravissimis
709 1341 818 1390 regni
848 1339 1010 1390 negotiis
1035 1339 1268 1390 praefecerat.
1295 1338 1377 1390 ipse
1401 1340 1450 1380 ad
1474 1341 1602 1380 otium

322 1405 358 1443 &
381 1404 598 1452 voluptates
624 1402 845 1452 applicabat
876 1402 1073 1450 animum,
1096 1403 1212 1441 etiam
1246 1403 1468 1443 meretricii—s
1497 1417 1604 1443 amo·

318 1464 422 1503 ribus
443 1465 609 1503 deditus.
638 1464 792 1515 Quippe
809 1464 989 1515 Myrinen
1004 1465 1169 1504 Samiam
1185 1495 1196 1513 ‚
1219 1477 1301 1514 quae
1322 1477 1484 1515 corpore
1503 1479 1602 1515 quae-

319 1528 416 1566 stum
433 1527 598 1573 fecerat,
615 1527 668 1564 ita
694 1525 850 1575 diligere
877 1525 1099 1572 dicebatur,
1126 1534 1165 1563 ut
1189 1524 1286 1563 nihil
1310 1525 1348 1563 in
1372 1538 1488 1576 regno
1513 1539 1602 1576 prae-

319 1590 477 1639 cipuum
510 1588 589 1639 ipse
619 1596 756 1639 praeter
783 1587 960 1626 diadema
985 1586 1166 1635 haberet,
1192 1588 1231 1625 in
1255 1589 1390 1627 ceteris
1417 1586 1521 1627 haud
1545 1589 1602 1626 in-

318 1651 433 1690 ferior
460 1650 624 1701 Myrinae
659 1649 823 1700 potestas
849 1648 952 1687 esset.

373 1712 432 1753 Ll.
446 1711 649 1752 Lasthenes
669 1711 806 1760 igitur,
822 1709 939 1748 homo
957 1722 1092 1760 pravus
1108 1711 1142 1749 8<
1161 1710 1380 1749 temerarius
1394 1742 1405 1759 ‚
1415 1712 1598 1761 juvenem

320 1773 517 1812 blanditiis
550 1776 584 1812 ὁὶ
615 1771 930 1811 affentationibus
966 1770 1115 1820 impelli
1145 1770 1326 1818 facilem,
1354 1771 1519 1821 primum
1551 1771 1600 1810 ad

319 1834 512 1874 tollendos
537 1847 558 1872 e
581 1833 731 1882 medio,
750 1833 813 1883 qui
836 1832 1020 1871 adversati
1046 1833 1080 1870 ei
1099 1832 1277 1878 fuiffent,
1301 1832 1477 1883 impellit.
1507 1845 1600 1873 mox

317 1897 540 1949 persuadet,
558 1905 623 1947 ut,
644 1899 888 1936 exauctorato
913 1895 1122 1934 domestico
1151 1894 1298 1943 milite,
1324 1897 1598 1935 tantummodo

319 1959 585 2008 Cretensibus,
616 1957 824 2007 ceterisque
849 1957 1095 2004 insularium,
1119 1958 1184 2007 qui
1213 1956 1329 1996 secuti
1352 1970 1440 1996 eum
1467 1957 1505 1995 in
1531 1958 1601 1997 mi-

319 2021 444 2061 litiam
477 2021 656 2069 fuerant,
689 2021 875 2071 stipendia
912 2020 1142 2069 praestentnr.
1192 2020 1244 2059 Ea
1278 2031 1336 2057 res
1372 2032 1449 2058 non
1479 2021 1598 2060 modo

320 2081 522 2132 plerosque
544 2082 690 2132 privato
720 2080 854 2120 dolore
883 2082 1178 2120 commodorum
1199 2089 1417 2131 ereptorum
1442 2082 1597 2131 urebat,

318 2143 383 2182 sed
411 2142 564 2193 reliquis
589 2143 703 2181 etiam
735 2143 824 2182 novi
852 2155 924 2181 nec
951 2142 1139 2192 probandi
1171 2142 1338 2193 exempli
1363 2143 1594 2185 videbatur:

318 2205 407 2255 quia
424 2204 611 2255 prioribus
631 2217 786 2253 regum,
812 2205 860 2244 ad
885 2204 1105 2245 servandam
1133 2204 1236 2255 vulgi
1264 2205 1596 2257 benevolentiam,

318 2267 436 2305 ctiam
465 2266 503 2304 in
527 2278 622 2316 pace
648 2265 748 2304 alere
778 2266 968 2304 exercitus
998 2265 1224 2304 consuetum
1254 2267 1388 2305 fuerat.

389 2327 468 2368 LlI.
498 2327 720 2368 Accedebat
749 2330 785 2367 δε
815 2327 967 2368 saevitiae
993 2329 1156 2378 odium,
1188 2341 1264 2379 quo
1291 2327 1415 2379 ipsum
1445 2339 1596 2380 quoque

371 2447 389 2484 8
420 2445 457 2479 L.
481 2444 660 2490 Joiephus.
695 2427 836 2478 Diodes.
871 2456 924 2489 ap.
952 2442 1061 2478 Vales.
1098 2444 1257 2475 Nicoitius
1291 2441 1513 2476 Damascenus
1542 2452 1596 2487 ap.

324 2493 522 2525 Athenaeum
548 2493 569 2524 1.
600 2502 649 2534 13.
675 2491 694 2533 ξ
722 2490 773 2522 Ll.
794 2490 893 2522 Diod.
921 2489 1056 2532 Joseph.
1085 2488 1267 2522 Herodian.
1290 2489 1312 2520 1.
1337 2497 1368 2518 2.
