1673 3052
307 188 851 237 HISTORIARUM
888 191 1012 238 LIB.
1047 193 1184 240 XLII.
1311 211 1375 256 77

85 307 208 343 eunt.
233 294 298 343 Ibi
327 312 429 343 cum
447 312 504 342 ex
522 295 750 360 transfuga
775 297 1011 362 cognosset
1036 315 1114 346 rex
1131 334 1144 357 ,
1165 299 1256 346 fine
1274 299 1373 348 ullo

83 384 260 416 armato
282 368 486 431 praesidio
513 369 667 432 paffim
696 384 910 434 vagantes
940 389 1020 435 per
1040 390 1170 435 agros
1200 375 1376 420 Roma-

84 456 171 488 nos
196 453 390 499 metere,
417 458 518 489 cum
543 442 667 489 mille
693 443 918 506 equitibus
934 480 948 501 ‚
975 445 1154 492 duobus
1176 444 1375 492 millibus

81 514 313 562 Thra-cum
338 517 387 563 &
409 515 689 563 Cretensium
711 515 969 579 profeclus,
1001 534 1130 575 cum,
1156 530 1374 581 quantum

84 585 333 634 accelerare
350 599 557 650 poterat,
584 585 727 635 effuso
757 588 935 651 agmine
963 587 1120 647 iffent,
1147 589 1375 653 improvi-

83 655 134 703 so
164 659 383 722 aggressus
407 656 471 707 est
500 661 751 708 Romanos.
789 659 940 723 juncia
967 660 1203 714 vehicula,
1232 663 1374 724 plera·

83 747 175 793 que
199 732 389 790 onusta,
420 733 544 781 mille
584 733 830 782 admodum
866 732 1142 796 capiuntur,
1176 734 1375 783 sexcenti

8 820 12 824 ’
83 802 223 852 ferme
251 805 473 854 homines.
511 808 710 855 Praedam
739 807 1078 855 custodiendam
1100 809 1374 856 ducendam·

83 893 173 939 que
201 877 248 924 in
279 878 417 925 castra
438 880 651 927 trecentis
670 881 950 937 Cretensium
985 881 1122 928 dedit.
1156 880 1248 944 ipse
1264 917 1277 938 ‚
1299 899 1375 928 re·-

86 962 258 998 vocato
282 951 336 999 ab
355 951 492 1000 effusa
518 954 641 1001 caede
667 954 817 1018 equite
845 956 894 1002 &
918 954 1106 1018 reliquis
1141 955 1373 1017 peditum,

83 1023 207 1071 ducit
225 1024 281 1071 ad
309 1025 572 1088 proximum
602 1028 884 1090 praesidium,
919 1041 1041 1075 ratus
1071 1029 1189 1076 haud
1207 1046 1373 1093 magno

20 1156 21 1159 Ἰ
84 1097 328 1145 certamine
346 1099 545 1163 opprimi
565 1101 703 1164 poffe.
733 1103 782 1149 L.
796 1101 1038 1165 pompejus
1058 1101 1265 1149 tribunus
1285 1103 1373 1149 mi-

84 1171 214 1219 litum
244 1188 462 1236 praeerat,
485 1175 562 1239 qui
583 1175 813 1239 perculsos
831 1175 996 1222 milites
1013 1176 1253 1238 repentino
1281 1177 1372 1224 ho-

84 1243 216 1298 stium
248 1246 448 1294 adventu
483 1247 530 1294 in
567 1249 882 1313 propinquum
915 1249 1138 1295 tumulum
1168 1250 1372 1313 recepit,

84 1316 178 1368 loci
197 1317 238 1363 se
254 1318 486 1380 praesidio,
503 1320 608 1383 quia
627 1336 819 1367 numero
837 1322 886 1368 &
905 1320 1079 1367 viribus
1097 1321 1241 1384 impar
1255 1336 1373 1381 erat,

84 1389 356 1439 defensurus,
389 1391 455 1438 Ibi
476 1409 579 1439 cum
603 1392 651 1439 in
677 1393 834 1440 orbem
851 1393 1022 1448 ,milites
1055 1395 1293 1458 coegisset,
1323 1410 1375 1443 ut

83 1463 276 1513 densatis
300 1465 434 1512 scutis
463 1466 518 1512 ab
537 1465 656 1529 jactu
678 1466 934 1532 sagittarum
963 1471 1012 1516 δε
1028 1467 1285 1530 jaculorum
1306 1469 1375 1515 se-

85 1538 129 1586 se
151 1550 410 1598 tuerentur,
428 1540 606 1588 Perseus
622 1577 636 1599 ,
665 1541 947 1588 circumdato
967 1542 1147 1589 armatis
1167 1543 1374 1600 tumulo,

83 1611 200 1659 alios
229 1611 453 1659 ascensum
486 1613 687 1677 undique
717 1626 886 1660 tentare
912 1611 1068 1674 jubet,
1099 1617 1147 1662 &
1167 1615 1375 1662 cominus

85 1683 301 1747 proelium
320 1686 579 1746 conserere,
601 1687 715 1735 alios
735 1688 909 1734 eminus
931 1688 1020 1734 tela
1041 1688 1259 1752 ingerere.
1282 1691 1375 1735 An·

87 1770 191 1820 ceps
205 1759 439 1805 Romanos
457 1770 606 1806 terror
621 1759 958 1807 circumstabat:
980 1778 1083 1807 nam
1098 1778 1247 1825 neque
1265 1778 1375 1809 con

84 1830 189 1877 ferti
211 1847 409 1895 pugnare
437 1845 626 1896 propter
645 1850 753 1909 eos,
784 1834 864 1898 qui
893 1834 1161 1882 ascendere
1150 1853 1197 1882 1n
1224 1847 1371 1882 tumu-

85 1904 179 1952 lum
198 1905 499 1966 conabantur,
518 1919 751 1970 poterant:
783 1909 858 1967 &,
880 1908 958 1954 ubi
977 1909 1159 1956 ordines
1179 1926 1375 1972 procuro

85 1976 224 2024 sando
253 1977 508 2037 solvissent,
537 1980 749 2043 patebant
767 1980 924 2042 jaculis
952 1982 1190 2046 sagittisve.
1225 1983 1375 2029 Maxi-

85 2067 159 2097 me
188 2050 608 2114 cestrosphendonis
635 2055 1003 2102 vulnerabantur.
1036 2055 1126 2102 hoc
1148 2055 1228 2101 illo
1252 2056 1373 2101 bello

82 2139 264 2171 novum
291 2140 431 2187 genus
451 2125 529 2171 teli
556 2126 795 2174 inventum
816 2127 893 2176 est.
928 2129 1126 2191 Bipalme
1155 2128 1375 2190 spiculum

86 2196 230 2243 hastili
258 2196 552 2246 semicubitali
585 2199 776 2247 infixum
805 2213 926 2259 erat,
953 2202 1233 2249 crassitudine
1259 2200 1373 2264 digi-

85 2269 151 2316 ti:
186 2270 292 2317 huic
317 2272 373 2317 ad
401 2272 621 2319 libramen
641 2274 793 2336 pinnae
818 2286 935 2330 tres,
958 2274 1086 2321 velut
1104 2274 1270 2338 sagittis
1299 2275 1372 2320 so-

85 2342 210 2400 lent,
247 2344 673 2393 circumdabantur:
714 2346 854 2393 funda
892 2348 1038 2394 media
1077 2348 1169 2393 duo
1207 2346 1375 2393 funalia

87 2414 275 2478 imparia
303 2418 506 2464 habebat.
545 2436 647 2465 cum
676 2418 837 2476 majori
866 2420 962 2466 sinu
989 2420 1197 2465 libratum
1226 2417 1375 2465 fundi-

87 2500 164 2535 tor
193 2489 368 2536 habena
387 2501 582 2550 rotaret,
602 2491 833 2540 excussum
848 2527 863 2551 ,
888 2492 1016 2541 velut
1037 2492 1188 2556 glans,
1213 2492 1378 2540 emica-
