1673 3052
251 189 339 238 2272
409 171 1441 224 JO.FR331NSHEM118UPPLEM.

247 285 354 323 vium
380 281 498 332 usque
525 281 722 321 Naronem
745 281 946 320 retroacto.
980 282 1545 332 Quapropteremendaturus,

247 345 352 396 quod
367 343 563 382 acciderat
577 371 587 389 ‚
605 339 763 390 consul,
788 339 935 380 hostem
955 340 1085 381 hieme
1107 343 1187 391 jam
1211 351 1420 394 appetente
1442 357 1546 384 rece-

248 409 407 448 dentem
430 404 623 444 insecutus
648 403 712 442 est.
741 403 824 455 spes
849 412 948 452 erat,
974 404 1086 454 quod·
1104 405 1232 444 evenit
1242 418 1318 463 ,fflex
1333 409 1427 446 anni
1443 412 1549 448 tem·'

248 482 363 522 pore,
382 469 417 507 Sc
439 480 478 506 re
491 466 701 506 commode
722 466 840 518 gesta,
861 465 1159 517 negligentiores
1181 469 1230 508 ad
1251 469 1464 512 custodiam
1489 485 1550 512 re.

251 532 374 583 gionis
401 529 598 570 Dalmatas
626 528 721 568 fore.

303 580 456 635 XXII‘I.
475 591 535 632 llli
548 623 559 640 ,
572 593 651 640 jam
673 592 713 630 in
733 589 798 629 sua
817 590 965 641 oppida
987 589 1144 641 dilapsi,
1164 592 1215 632 ad
1233 593 1381 634 famam
1397 595 1552 635 venien..

248 658 297 697 tis
318 655 507 696 exercitus
533 653 728 702 Romani,
755 666 918 705 propere
945 664 1242 706 congregantur.
1275 658 1480 710 Sed-:prius
1501 660 1550 700 ab

251 722 399 760 intento
426 716 532 756 hoste
564 715 716 766 disjed‘ri
743 715 851 765 sunt,
874 729 990 766 quam
1017 716 1248 758 contrahere
1274 720 1370 760 vires
1390 721 1485 762 ‘suas
1516 725 1552 763 Sc

252 782 428 823 ordinare
455 779 616 832 possent.
648 778 888 819 Delminium
911 778 1086 830 plerique
1114 780 1208 832 fuga
1233 783 1549 826 contenderunt:

254 843 552 885 robustiffimum
581 841 656 882 illis
686 841 783 881 locis
813 842 1032 893 oppidum,
1056 844 1091 885 δε
1119 844 1242 894 gentis
1271 849 1400 897 caput.
1435 847 1555 888 [dex

256 909 388 947 itinere
416 918 643 957 oppugnare
667 903 881 956 aggreffus‚
907 917 996 944 cum
1023 906 1149 956 primo
1171 907 1320 959 impetu
1343 908 1442 949 nihil
1461 910 1557 965 egis-

253 971 309 1011 set
322 1001 333 1020 ,
347 969 620 1018 admoverique
638 968 839 1007 machinas
856 966 956 1016 loci,
975 966 1042 1007 ubi
1060 968 1124 1008 sita
1151 969 1240 1008 urbs
1265 978 1369 1018 erat,
1382 971 1551 1011 altitudo

254 1039 421 1080 vetaret,
436 1030 486 1070 ad
503 1029 577 1069 alia
593 1031 741 1068 minora
758 1029 906 1080 oppida
922 1030 1134 1069 exercitum
1152 1030 1430 1072 circumduxit.
1455 1034 1553 1083 Quat

256 1095 324 1135 ubi
349 1103 457 1133 metu
477 1092 644 1132 hostium
666 1091 812 1132 deserta
830 1094 864 1132 &
883 1103 1003 1131 vacua
1024 1092 1152 1138 videt,
1168 1092 1408 1134 Delminium
1433 1107 1555 1135 rever-

256 1159 360 1196 titur.
391 1155 491 1196 Urbs
517 1163 597 1195 erat
618 1153 706 1193 loco
729 1155 763 1193 δε
787 1166 903 1204 opere
926 1155 1102 1201 munita,
1125 1153 1190 1194 sed
1214 1155 1367 1194 inerant
1393 1157 1558 1198 aedificia

257 1216 380 1257 multa
396 1230 442 1255 ex
458 1216 564 1256 arida
586 1215 759 1257 materie.
787 1214 825 1253 id
850 1215 1054 1265 postquam
1078 1215 1383 1256 animadversum
1407 1217 1484 1264 est,
1500 1218 1558 1257 su-

258 1283 325 1321 des
356 1279 583 1320 bicubitales
608 1278 730 1330 parari
756 1277 890 1317 consul
913 1278 1043 1327 jubet,
1074 1291 1168 1327 quas
1190 1278 1277 1328 pice
1299 1291 1345 1318 ac
1373 1279 1556 1330 sulphure

254 1342 393 1388 illitas,
415 1342 626 1392 stuppaque
652 1340 773 1380 multa
799 1338 1014 1391 obligatas,
1037 1338 1242 1390 catapultis
1258 1341 1298 1380 in
1315 1341 1449 1382 urbem
1468 1343 1557 1382 mit-

262 1408 410 1442 terent:
439 1403 473 1440 ὅ(
498 1402 671 1438 succeffit
691 1402 825 1438 dolus:
850 1395 984 1439 leviter
1008 1401 1194 1451 incensae,
1217 1402 1311 1444 dum
1336 1415 1404 1455 per
1429 1417 1557 1444 aerem

261 1468 434 1507 feruntur
447 1496 460 1512 ,
478 1465 678 1515 ingentem
693 1464 772 1502 vim
788 1464 1325 1513 concipiebant'flammarum
1339 1499 1350 1516 ,
1366 1481 1465 1519 quae,
1489 1468 1557 1508 ubi

264 1527 434 1566 aedificiis
459 1523 696 1574 incidissent,
719 1525 854 1564 vicinis
875 1525 1088 1576 quibusque
1118 1528 1232 1565 facile
1252 1530 1556 1578 comprehenfis‚

264 1596 415 1627 tantum
435 1587 648 1626 excitarunt
673 1585 917 1633 incendium,
946 1596 1014 1634 ut,
1038 1599 1084 1625 eo
1113 1586 1242 1626 multis
1270 1587 1438 1628 hostium
1459 1601 1558 1628 con*

264 1649 398 1688 sumtis
415 1680 426 1696 ‚
453 1649 570 1687 ceteri
590 1648 719 1688 venire
748 1649 788 1687 in
814 1648 1040 1698 potestatem
1068 1658 1310 1698 cogerentur.

318 1709 464 1750 XXIV.
496 1710 660 1758 Nescio,
688 1723 737 1749 an
755 1709 831 1748 hoc
860 1723 960 1748 anno
977 1739 988 1758 ‚
1015 1710 1116 1748 circa
1139 1708 1214 1749 hoc
1245 1720 1399 1761 tempus
1428 1720 1559 1763 certe,

266 1772 364 1813 ffilia
389 1774 424 1812 Sc
446 1772 553 1812 Fufia
579 1772 705 1822 leges,
724 1785 745 1810 a
768 1771 920 1811 duobus
947 1771 1111 1811 tribunis
1140 1771 1264 1823 plebis
1294 1773 1472 1824 perlatae,
1495 1786 1563 1814 co-

266 1834 466 1872 mitiorum
496 1834 613 1881 vitia,
646 1833 774 1883 quoad
803 1834 952 1872 occurri
982 1833 1134 1884 potuit,
1162 1833 1386 1885 pleramque
1412 1845 1560 1886 partem

267 1895 508 1935 sustulerunt.
541 1895 640 1935 AElia
662 1894 867 1934 cavebatur
882 1926 893 1943 ,
921 1897 971 1934 uu·
993 1897 1143 1934 comitiis
1165 1896 1278 1949 legum
1307 1898 1408 1936 lzaud
1427 1899 1561 1946 minus,

271 1974 374 2012 quam
408 1960 692 2013 magistratuum,
721 1961 761 1997 de
790 1959 872 1997 coelo
894 1959 1066 2011 servandi
1083 1989 1094 2009 ‚
1122 1960 1379 2010 obnuntiandi,
1410 1961 1559 2000 interce-

271 2023 440 2075 dendique
455 2022 520 2075 jus
546 2022 633 2074 estet.
671 2020 778 2061 Fufia
793 2021 903 2074 fizstis
927 2022 1049 2059 dicbus
1077 2021 1188 2074 legum
1207 2021 1431 2074 ftrenclarum
1451 2026 1559 2076 5:011th

273 2098 346 2123 cum
364 2084 496 2137 populo
522 2086 581 2136 agi
607 2084 770 2123 vetabat.
798 2084 1040 2134 Exceperunt
1064 2084 1204 2124 deinde
1229 2085 1266 2126 P.
1294 2086 1492 2126 Cornelius
1524 2088 1561 2127 P.

275 2146 315 2187 F.
347 2149 414 2186 Cn.
444 2147 490 2187 N.
518 2147 650 2196 Scipio
674 2146 834 2191 Nafica,
859 2145 914 2186 M.
941 2145 1124 2186 Claudius
1146 2145 1202 2187 M.
1229 2147 1269 2187 F.
1300 2147 1357 2187 M.
1382 2149 1429 2188 N.
1458 2148 1560 2189 Mar-

277 2209 419 2257 cellus,
439 2218 598 2259 uterque
614 2209 750 2247 iterum
771 2207 956 2247 consules.
989 2207 1140 2254 Horum
1162 2209 1332 2259 Scipioni
1352 2207 1561 2257 Dalmatae,

276 2271 463 2312 Marcello
485 2272 640 2323 Ligures
663 2273 698 2311 Sc
719 2270 872 2311 Gallicae
899 2272 1103 2321 provinciae
1129 2280 1348 2312 evenerunt.
1392 2273 1446 2312 Ex
1470 2285 1565 2323 prae-

328 2389 348 2426 S
377 2389 483 2422 XXII.
507 2390 595 2423 Veli.
630 2402 664 2430 1,
692 2401 743 2431 15.
772 2390 839 2423 Jul.
868 2388 992 2435 Obseq.
1020 2390 1139 2435 Polyb.
1163 2401 1314 2436 excerpt.
1344 2390 1459 2436 Legat.
1489 2405 1564 2429 117-

280 2426 399 2477 Polyb.
425 2446 477 2477 ap.
503 2435 615 2469 Valcs.
639 2435 786 2480 Appian.
807 2435 882 2469 Liv.
902 2435 992 2479 Epir.
1010 2446 1065 2477 47.
1093 2437 1116 2480 §
1138 2435 1260 2471 XXIII.
1287 2435 1364 2471 Liv.
1382 2437 1472 2481 Epit.
1493 2432 1561 2484 Ap-

282 2479 373 2521 pian.
394 2479 524 2513 Florus.
542 2492 575 2519 4.
