1673 3052
277 189 816 239 HISTORIARUM
853 192 979 240 LIB.
1016 192 1192 251 XLV„
1277 209 1364 242 221

83 302 188 357 bus,
215 302 360 346 omnia
387 298 546 345 arc‘t'ata
565 317 580 346 .·
601 300 904 360 militiamque,
925 298 977 364 si
997 301 1149 346 talibus
1166 301 1370 361 succedat

82 376 254 435 datibus
270 409 284 430 ,
310 375 578 419 horridiorem
615 372 934 433 asperioremque
967 376 1237 430 bellantibus,
1269 393 1373 421 ean-

85 449 177 493 dem
217 445 439 492 vic‘loribus
475 448 639 506 inopem
675 460 794 505 atque
834 447 1128 493 inhonoratam
1159 446 1372 506 futuram.

84 522 343 567 Macedonas
360 521 406 563 in
427 520 590 564 meliore
596 516 796 576 fortuna,
814 508 937 577 quam
957 520 1110 565 milites
1127 521 1374 581 Romanos,

84 591 168 656 effe.
202 596 257 639 Si
277 591 513 652 frequentes
537 592 695 659 postero
725 592 790 635 die
821 594 880 635 ad
910 595 1033 652 legem
1065 595 1372 654 antiquandam

84 663 290 730 adeffint‚
310 663 579 711 intellec‘luros
589 678 776 724 potentes
796 664 933 719 vir05,
953 681 1037 709 non
1061 667 1205 710 omnia
1225 667 1270 710 in
1291 668 1375 712 du-

85 742 171 795 cis,
188 739 352 798 aliquid
368 735 411 784 6¹
435 739 480 782 in
508 740 689 782 militum
709 754 837 781 manu
863 733 947 799 ff.
977 734 1060 782 His
1080 736 1278 783 vocibus
1299 738 1376 784 in-

85 809 237 868 citati,
265 807 449 872 postero
475 808 547 854 die
572 807 735 855 milites
763 818 883 854 tanta
910 806 1161 871 frequentia
1180 810 1375 873 Capito-

84 883 200 930 lium
225 881 599 944 compleverunt,
617 893 668 928 ut
682 880 824 927 aditus
844 880 957 927 nulli
977 893 1187 943 praeterea
1207 884 1261 929 ad
1282 883 1376 930 suf-

88 955 280 1021 fragium
308 955 542 1002 ferendum
562 955 679 1002 effet.
711 958 835 1001 Intro
857 968 1037 1002 vocatae
1058 955 1213 1018 primae
1235 958 1379 1006 tribus

74 1048 192 1094 ⁷cum
212 1030 495 1094 antiquarent
509 1065 524 1088 ,
545 1028 793 1076 concursus
823 1029 870 1074 in
902 1027 1182 1091 Capitolium
1204 1031 1376 1092 princi-

88 1121 196 1168 pum
218 1102 416 1151 civitatis
437 1100 576 1149 faetus
596 1101 674 1160 est,
693 1105 922 1164 Indignum
930 1102 1111 1160 facinus
1129 1102 1201 1167 eſje
1222 1102 1378 1150 clami-

89 1177 307 1236 tantium,
335 1180 384 1223 L.
404 1179 632 1234 Paullum,
661 1179 772 1222 tanti
796 1177 893 1221 belli
917 1175 1106 1221 viilorem
1120 1211 1132 1230 ,
1152 1178 1380 1238 dispoliari

89 1252 307 1311 triumpho.
347 1250 557 1296 obnoxios
597 1251 860 1310 imperatores
902 1251 1013 1294 tradi
1049 1251 1220 1295 licentiat
1257 1265 1377 1311 atque

90 1328 278 1371 avaritiae
297 1327 500 1372 militari:
526 1327 572 1370 in
597 1343 683 1371 uno
702 1327 830 1369 nimis
846 1324 895 1384 fi
907 1342 987 1385 per
1002 1324 1269 1370 ambitionem
1280 1343 1379 1386 pec-

92 1415 196 1443 care.
227 1400 374 1459 Quid,
392 1398 443 1463 si
459 1400 621 1443 domini
641 1397 793 1441 milites
821 1399 1133 1456 imperatoribus
1151 1400 1380 1459 imponan-

93 1473 193 1516 tur?
230 1473 278 1516 ln
303 1470 492 1516 Galbam
529 1485 614 1532 pro
649 1467 690 1515 se
726 1467 914 1532 quisque
959 1470 1123 1531 probra
1163 1470 1382 1534 ingerere.

92 1542 326 1602 Tandem,
352 1544 445 1590 hoc
481 1542 677 1589 tumultu
711 1541 896 1599 sedatO,
929 1543 991 1589 M.
1023 1542 1270 1601 Servilius,
1302 1543 1383 1607 qui

94 1614 252 1663 consul
284 1617 334 1663 ὅ(
357 1615 562 1680 magister
596 1615 801 1678 equitum
838 1612 1009 1672 fuerat,
1031 1627 1082 1661 ut
1115 1615 1169 1661 de
1204 1614 1385 1678 integro

93 1706 191 1736 eam
224 1708 318 1737 rem
350 1703 558 1754 agerent,
585 1692 641 1738 ab
672 1689 866 1737 tribunis
906 1702 1081 1751 petere,
1113 1689 1386 1754 dicendique

95 1763 178 1810 fibi
200 1764 252 1810 ad
273 1765 494 1827 populum
521 1764 785 1827 potestatem
808 1763 1017 1811 facerent.
1036 1763 1260 1821 Tribuni,
1280 1780 1387 1810 cum

95 1837 150 1883 ad
191 1836 528 1884 deliberandum
574 1836 863 1894 seceffiffent,
903 1836 1008 1883 viffi
1048 1836 1387 1883 auetoritatibus

97 1909 357 1973 principum
372 1947 385 1970 ,
415 1912 469 1957 de
499 1910 677 1974 integro
704 1926 835 1974 agere
856 1922 1124 1973 coeperunt,
1143 1922 1387 1957 revocatu-

96 1982 259 2046 rosque
280 1983 323 2030 se
347 1983 519 2030 easdem
539 1984 681 2030 tribus
711 1983 1053 2041 renuntiarunt,
1074 1982 1105 2027 fi
1139 1984 1201 2030 M.
1230 1982 1385 2029 Servi-

98 2054 185 2101 lius
204 2056 368 2118 aliique
390 2056 581 2119 privati,
602 2057 679 2119 qui
698 2056 846 2103 dicere
868 2055 1066 2113 vellent,
1085 2055 1306 2103 dixissent.

162 2131 404 2177 XXXV11.
432 2131 555 2177 Tum
585 2130 833 2177 Servilius:
865 2131 1063 2191 Quantus
1086 2134 1309 2192 imperator
1335 2133 1386 2178 L,

102 2207 311 2254 AEmilius
328 2205 488 2265 fuerit,
510 2207 699 2268 Quirites
714 2241 728 2263 ‚
764 2225 779 2250 ι
804 2224 857 2251 ex
876 2209 966 2251 alia
993 2226 1032 2252 re
1059 2210 1180 2252 nulla
1200 2208 1390 2272 testimari

93 2276 244 2339 poffit,
268 2282 334 2323 vel
350 2281 424 2324 lzoc
442 2279 558 2338 satis
582 2295 695 2335 erat,
714 2282 849 2339 quod,
871 2297 963 2324 cum
987 2295 1074 2324 tarn
1090 2281 1315 2338 seditiosos
1346 2277 1389 2325 δ’

103 2353 208 2395 leves
229 2352 408 2407 milites,
428 2368 514 2397 tam
545 2355 746 2409 nobilem,
774 2369 861 2398 tam
889 2357 1168 2408 temerarium,
1189 2370 1275 2397 tam
1305 2356 1391 2398 elo-

105 2438 287 2482 quentem
325 2426 385 2466 ad
420 2424 704 2488 instigandam
742 2428 1048 2470 multitudinem
1089 2427 1302 2468 inimicum
1345 2426 1391 2469 in

104 2495 242 2560 castris
274 2496 458 2554 haberet,
489 2499 650 2542 nullam
683 2497 728 2540 in
759 2499 935 2542 exercitu
953 2498 1205 2556 seditionem
1236 2498 1394 2544 habuit.
