1673 3052
1287 198 1371 246 173

223 358 424 417 TITI
474 360 716 419 LIVII
766 361 1246 423 PATAVINI

94 503 1377 645 HISTORIARUM

246 764 254 780 ¹
317 765 416 813 AB
467 765 678 814 URBE
734 767 1139 816 CONDITA

392 939 736 996 LIBER
804 942 1037 1000 XLV.

1048 1135 1370 1149 m

480 1257 1002 1318 EPITOME

202 1412 388 1458 LIBRI
431 1417 957 1468 QUADRAGESIMI
1005 1418 1265 1470 QUINTI.

92 1547 248 1591 Perseus
263 1549 310 1590 ab
331 1550 484 1591 AEmilio
496 1550 626 1591 Paullo
639 1552 677 1591 in
694 1551 944 1592 Samothrace
959 1559 1095 1604 captus
1111 1551 1174 1591 est.
1188 1551 1286 1591 Cum
1299 1553 1377 1591 An·

148 1612 322 1661 tiochus‚
340 1614 454 1665 Syriae
481 1627 571 1663 reX‚
592 1614 841 1654 Ptolemaeum
868 1617 903 1654 δε
927 1615 1196 1665 Cleopatram,
1218 1614 1374 1664 AEgypti

146 1682 258 1722 reges
280 1672 491 1722 obfideret‚
508 1676 544 1713 &
560 1674 679 1713 miffis
695 1675 744 1713 ad
761 1688 849 1713 eum
864 1689 884 1713 a
903 1674 1037 1713 senatu
1060 1673 1212 1724 legatis,
1234 1674 1298 1723 qui
1313 1676 1376 1722 ju-

152 1730 306 1780 berent,
325 1732 372 1771 ab
389 1733 586 1775 obfid'ione
604 1734 696 1774 socii
718 1736 815 1786 regis
832 1736 1039 1783 absisteret,
1057 1735 1242 1786 editisque
1262 1748 1378 1774 man-

149 1794 249 1834 datis
263 1794 584 1835 confideraturum
603 1796 736 1846 seille,
751 1798 844 1847 quid
860 1797 1083 1836 faciendum
1099 1796 1208 1845 esset,
1224 1797 1376 1848 respon-

149 1856 281 1905 diffet3
295 1869 394 1896 unus
407 1870 453 1896 ex
468 1857 601 1909 legatis
614 1858 797 1909 Popillius
810 1860 913 1911 virga
924 1872 1053 1910 regem
1066 1859 1373 1910 circumscripfit:

149 1919 351 1970 juffstque,
366 1929 571 1970 antequam
596 1921 741 1960 circulo
766 1923 991 1971 excederet,
1010 1921 1230 1973 responsum
1256 1925 1375 1962 daret.

148 1995 225 2033 qua
241 1982 437 2033 asperitate
459 1982 606 2032 effecit,
623 1993 665 2022 ut
682 1984 894 2024 Antiochus
914 1983 1057 2024 bellum
1079 1986 1284 2025 omitteret.
1309 1986 1379 2025 Le-

150 2044 323 2094 gationes
351 2044 624 2095 gratulantium
653 2045 889 2096 populorum
915 2059 960 2085 ac
983 2060 1116 2097 regum
1136 2048 1176 2085 in
1204 2048 1377 2088 senatum

149 2107 332 2148 admiffae.
354 2108 620 2155 Rhodiorum,
637 2111 725 2160 quia
749 2123 795 2149 eo
817 2110 920 2149 bello
942 2120 1075 2150 contra
1089 2111 1278 2162 populum
1296 2112 1380 2151 Ro-

148 2181 309 2209 manum
330 2171 502 2220 fuerant,
518 2170 680 2210 exclusa.
705 2172 854 2221 postero
872 2173 957 2220 die,
982 2186 1071 2212 cum
1093 2175 1142 2212 de
1159 2186 1205 2212 eo
1229 2187 1377 2224 quaere-

149 2240 276 2280 retur,
295 2242 338 2271 ut
359 2234 404 2272 iis
427 2233 572 2273 bellum
588 2235 840 2284 indiceretur,
858 2236 1009 2275 causam
1027 2238 1067 2275 in
1092 2236 1222 2275 senatu
1244 2237 1372 2287 patriae

151 2292 227 2332 suae
258 2293 372 2344 legati
404 2306 576 2348 egerunt.
616 2309 687 2338 nec
715 2305 899 2347 tanquam
925 2298 1073 2347 hostes,
1095 2311 1168 2337 nec
1195 2306 1379 2349 tanquam

151 2354 243 2393 socii
282 2357 432 2398 dimisfi.
471 2350 700 2398 Macedonia
727 2360 766 2397 in
798 2361 1003 2410 provinciae
1031 2361 1194 2400 formam
1227 2361 1381 2401 redacta

150 2417 215 2456 est.
246 2418 419 2459 AEmilius
441 2421 614 2471 Paullus,
637 2423 939 2473 repugnantibus
970 2423 1157 2462 militibus
1186 2427 1268 2473 ejus
1288 2437 1383 2474 pro·

148 2495 235 2538 pter
262 2489 451 2530 minorem
484 2490 653 2541 praedam
671 2519 682 2541 ,
709 2492 744 2531 &
774 2492 1067 2532 contradicente
1102 2492 1180 2532 Ser.
1212 2492 1382 2543 Sulpicio
