1673 3052
307 199 435 266 '332⁴
471 205 573 253 JO.
611 203 1120 252 FREINSHEMII
1158 197 1512 254 SUPPLEM.'

312 312 380 361 qui
402 310 550 363 legatos
571 311 813 363 lapidarent,
826 319 872 350 ut
885 311 1021 352 ferales
1038 313 1196 352 nuntios
1211 343 1222 361 ,
1243 318 1517 364 raptarent‘que
1533 323 1610 363 pet·

310 372 448 412 urbem
472 386 646 424 corpora.
681 374 883 425 statImque
907 374 1073 414 furentis
1091 374 1197 426 vulgi
1217 375 1385 426 impetus
1408 375 1449 414 in
1474 373 1604 415 Italici

313 435 460 484 generis
484 434 662 475 homines
685 436 891 476 incubuit:
921 441 1060 490 (erant
1081 445 1211 476 autem
1241 437 1372 476 adhuc
1397 436 1480 485 ibi,
1497 443 1540 475 ut
1563 435 1605 475 in

309 494 436 536 subito
464 498 751 549 improvisoque
774 498 879 539 malo
894 528 905 548 ‚
929 499 1059 550 plures
1078 499 1178 549 :)in
1202 512 1299 551 quos
1326 500 1431 539 varia
1458 501 1605 538 imma-

308 561 433 600 nitate
460 561 684 611 saevientes,
705 579 844 618 pomam
862 566 905 618 se
929 565 975 603 ab
1004 565 1062 603 his
1093 565 1266 616 obsidum,
1288 563 1324 602 6»
1345 577 1538 612 armorum,
1566 562 1605 601 6·

307 626 418 663 totius
444 629 612 666 Romanae
631 627 780 680 fraudis
799 641 967 682 repetere,
994 628 1235 669 dictitabant.

362 688 560 731 XXXIII.
587 690 647 730 Ita
667 699 865 731 commota
891 691 987 731 urbe
1001 723 1013 740 ,
1029 691 1145 743 plena
1168 690 1301 730 omnia
1323 688 1450 730 luctus
1471 688 1603 737 fimu1‚

309 752 345 791 ἂ
360 751 445 801 irae,
463 754 498 792 &
513 754 682 803 timoris,
697 756 732 794 δε
758 756 949 795 minarum
973 764 1104 795 erant:
1120 754 1337 806 strepebant
1359 755 1430 794 viae
1456 753 1601 794 clamo-

304 815 412 856 ribus
439 818 628 859 cariffima
658 832 818 870 quaeque
853 819 1074 858 nominibus
1110 818 1295 858 cientium
1320 832 1328 858 :
1363 818 1404 857 i‘n
1433 816 1603 868 templa,

303 886 489 932 tanquam
514 881 638 934 asyla,
654 882 978 933 confugiebatur:
1003 882 1150 922 ibidem
1173 883 1350 921 convicia
1367 879 1601 932 ingereban-

305 949 370 981 tur
392 944 618 985 numinibus
631 976 642 994 ,
667 946 794 998 quibus
813 960 854 984 ne
870 945 919 984 ad
933 945 995 998 sui
1014 945 1149 997 quidem
1170 943 1393 998 deftnfionem
1409 942 1488 980 ulla:
1507 941 1605 979 vires

307 1005 411 1056 effi’nt
428 1019 437 1045 :
455 1006 580 1056 multi,
603 1020 692 1046 cum
716 1008 756 1046 in
776 1006 1068 1047 armamentaria
1090 1005 1127 1045 se
1152 1004 1392 1053 intulissent,
1407 1015 1528 1043 vacua
1543 1002 1600 1041 vi:-

309 1066 444 1106 dentes
457 1099 468 1117 ‚
485 1069 682 1120 ploratum
699 1070 879 1110 edebant.
907 1069 990 1118 alii,
1007 1071 1054 1109 ad
1070 1069 1220 1109 navalia
1237 1069 1482 1108 decurrentes
1494 1097 1504 1115 ,
1524 1065 1599 1105 ab-

305 1129 466 1170 sentiam
488 1133 645 1171 navium
669 1133 954 1184 querebantur,
975 1145 1068 1183 quas
1094 1131 1321 1171 hominibus
1345 1129 1499 1182 perfidis
1523 1138 1599 1167 tra-

308 1195 501 1234 didiss'ent.
529 1206 651 1244 erant,
666 1197 731 1247 qui
752 1197 910 1236 nomina
928 1195 1223 1246 elephantorum
1237 1224 1248 1242 ,
1265 1201 1452 1243 tanquam
1467 1191 1598 1232 adhuc

304 1257 562 1308 praesentium,
578 1258 844 1299 inclamarent.
868 1260 966 1297 inter
981 1257 1064 1296 haec
1083 1258 1247 1305 majores
1265 1254 1352 1293 suos
1365 1253 1478 1305 seque
1492 1253 1597 1304 ipsos

303 1318 598 1360 exsecrabantur
610 1352 622 1369 ,
638 1323 732 1374 quod
741 1321 945 1375 elephantos
955 1351 967 1368 ,
982 1334 1092 1358 naves
1102 1349 1115 1365 ‚
1131 1319 1262 1357 tributa
1273 1348 1285 1368 ,
1301 1332 1399 1356 arma
1415 1316 1597 1370 dediffiwt,

300 1397 389 1434 quos
409 1397 481 1420 una
505 1398 580 1421 cum
595 1383 717 1435 patria
736 1395 872 1422 armata
883 1383 1007 1436 potius
1027 1393 1181 1420 extrema
1204 1395 1341 1434 quaeque
1361 1381 1444 1433 pati.
1466 1381 1599 1432 decuisss
1663 1382 1666 1385 ’

292 1444 360 1495 stc.
388 1443 687 1484 Inflammabant
716 1446 932 1485 amentium
965 1446 1038 1484 iras
1067 1452 1272 1492 matronae,
1300 1456 1461 1494 quarum
1483 1441 1597 1482 liberi

302 1505 435 1544 traditi
462 1506 647 1546 Romanis
672 1507 822 1548 obfides
847 1509 1022 1555 fuerant,
1047 1509 1280 1559 tragicarum
1303 1507 1513 1558 Erinnyum
1539 1505 1597 1543 in-

301 1566 376 1605 flar
399 1567 568 1607 crinibus
587 1568 706 1620 ,paffis
734 1569 870 1608 urbem
896 1582 988 1610 cum
1013 1569 1164 1609 ululatu
1189 1576 1460 1620 pervagantes,
1488 1574 1530 1606 ut
1553 1566 1595 1605 in

302 1639 495 1677 quemque
513 1627 776 1677 incurrerant,
790 1630 916 1669 liberos
934 1630 979 1668 ab
1003 1630 1168 1683 amplexu
1192 1641 1336 1668 matrum
1352 1641 1488 1682 raptos,
1497 1627 1595 1681 spre-

301 1689 421 1741 tafique
436 1690 633 1742 miserarum
650 1706 785 1744 preces,
800 1690 1093 1741 exprobrabant.
1111 1701 1195 1730 tum
1215 1690 1366 1730 insanos
1382 1691 1422 1729 in
1440 1688 1594 1729 cachin-

300 1764 372 1790 nos
385 1750 526 1799 effusae,
542 1752 594 1791 ita
608 1753 751 1792 meritis
765 1753 978 1793 vindictam
994 1752 1095 1793 hanc
1108 1752 1278 1793 Deorum
1293 1751 1593 1804 gratulabantur.

354 1822 545 1862 XXXIV.
572 1823 662 1862 Non
687 1823 846 1870 multos,
871 1831 914 1862 ut
937 1836 985 1863 ex
1009 1831 1119 1863 tanto
1135 1835 1314 1872 numero,
1332 1821 1481 1862 vidiffes
1496 1853 1506 1871 ,
1525 1822 1591 1873 qui

302 1887 445 1925 mentis
479 1886 610 1925 adhuc
645 1896 848 1937 compotes
877 1886 1154 1926 crederentur:
1186 1886 1230 1925 iis
1258 1894 1388 1925 tamen
1412 1884 1591 1926 claudere

300 1956 431 1998 portas
456 1948 559 1989 urbis
583 1961 682 1988 curae
704 1948 803 1996 fuit,
823 1951 882 1998 ἃ,
900 1948 988 1999 quia
1017 1947 1220 1999 catapultae
1250 1948 1432 1994 deerant,
1453 1947 1500 1986 ad
1526 1960 1591 1986 ar-

300 2009 444 2048 cendos
462 2010 691 2061 aggressores
704 2012 784 2050 vim
810 2011 984 2062 lapidum
1001 2012 1041 2050 in
1065 2012 1208 2050 moenia
1224 2017 1476 2060 comportare.
1508 2010 1591 2050 Eo·-

302 2071 393 2109 dem
417 2070 503 2116 die,
529 2080 572 2109 ut
593 2074 765 2121 primum
792 2073 918 2122 aliqua
940 2072 1092 2112 senatus
1118 2071 1192 2111 effe
1213 2072 1338 2110 forma
1357 2070 1591 2121 potuit‚de-

301 2140 450 2171 cretum
475 2132 523 2172 de
548 2133 716 2183 gerendo
735 2133 836 2173 bello
860 2134 1006 2173 facium
1030 2134 1095 2174 est.
1122 2135 1170 2173 ad
1187 2133 1292 2183 quod
1312 2133 1399 2183 quia
1418 2133 1588 2182 praefidia

298 2198 430 2234 onmia
458 2196 639 2244 deerant,
670 2209 746 2234 uno
773 2197 964 2246 praeconio
990 2196 1114 2235 servos
1143 2208 1276 2235 omnes
1297 2196 1345 2234 ad
1364 2193 1587 2234 libertatem

301 2262 337 2297 &c
365 2257 539 2296 militiam
563 2259 691 2298 vocari
720 2258 874 2308 placuit.
901 2260 1079 2310 proxima
1107 2260 1155 2298 de
1179 2258 1373 2299 exsulibus
1394 2270 1483 2297 cura
1498 2257 1586 2297 fuit.

301 2332 465 2368 quorum
498 2320 576 2358 dux
607 2319 846 2368 Hasdrubal,
869 2322 1038 2361 exercitu
1063 2321 1198 2372 viginti
1219 2319 1383 2359 millium
1409 2319 1585 2369 stipatus,

298 2380 404 2420 haud
424 2380 562 2431 procul
583 2380 676 2420 urbe
703 2382 941 2422 consederat.
972 2383 1021 2422 ad
1047 2381 1154 2422 hunc
1181 2379 1310 2422 mifi'us
1335 2379 1408 2430 est,
1430 2379 1494 2431 qui
1521 2392 1586 2427 roff

342 2518 367 2561 S
389 2517 532 2553 xxxn,
556 2518 680 2553 Zonat.
703 2518 850 2563 Appian-
