1673 3052
277 204 373 267 ‘156
639 200 1195 249 T1T1L1V11

276 310 357 358 bili
391 308 582 357 inituros
606 306 789 354 bellum.
823 305 1005 353 Perseus
1023 320 1208 370 quoque
1228 320 1357 363 cum,
1382 303 1558 352 advens

275 396 325 431 tu
345 382 538 431 consulis
556 381 684 427 fimul
705 382 754 427 &
779 380 896 428 veris
913 379 1166 442 principio,
1187 378 1377 441 strepere
1401 377 1558 426 omnia

276 447 544 519 moverique
579 450 696 520 apud
730 454 875 517 hostes
896 490 911 513 ,
948 453 1074 500 velut
1106 469 1234 500 novo
1270 451 1424 510 bello,
1455 466 1556 498 cer-

277 542 430 586 neret,
460 540 584 575 mota
615 545 638 574 a
665 527 787 574 Phila
806 527 939 574 castra
971 527 1018 572 in
1048 526 1231 573 adversa
1258 526 1354 588 ripa
1387 524 1559 586 posita,

277 618 401 648 nunc
419 600 473 647 ad
493 599 841 662 contempianda
869 615 1007 662 opera
1028 597 1099 644 sua
1119 598 1354 646 circumire
1372 597 1558 655 ducem,

276 674 394 726 haud
422 673 558 722 dubie
583 672 790 733 transitus
818 672 1147 736 speculantem,

902 780 928 803 ἃ
998 769 1009 774 ,

778 816 804 841 ἅ
1026 816 1053 840 ⁴}

277 910 441 942 norum
461 892 559 940 esse.

342 968 544 1015 XXXV.
578 965 698 1024 Quae
731 978 799 1009 res
817 960 1035 1010 Romanis
1067 960 1190 1009 auxit
1216 960 1424 1015 animos,
1455 959 1560 1005 Ma-

278 1039 528 1088 cedonibus
554 1037 738 1101 regique
767 1052 927 1083 eorum
955 1037 1072 1083 haud
1101 1035 1379 1083 mediocrem
1411 1033 1559 1082 attulit

278 1127 511 1161 terrorem.
545 1115 599 1158 Et
629 1110 778 1174 primo
806 1109 1078 1172 supprimere
1103 1111 1150 1156 in
1181 1109 1365 1157 occulto
1396 1109 1560 1156 famam

279 1186 375 1248 ejus
402 1186 469 1232 rei
499 1184 560 1231 est
589 1194 806 1239 conatuS‚
836 1181 998 1241 mistis,
1034 1182 1110 1246 qui
1132 1182 1436 1229 Pantauchum
1455 1180 1560 1228 inde

279 1263 540 1306 venientem
566 1257 930 1319 appropinquare
952 1257 1098 1303 castris
1121 1267 1340 1303 vetarent.
1373 1255 1446 1301 sed
1471 1254 1563 1315 jam

280 1334 331 1379 &
366 1332 491 1394 pueri
527 1331 706 1395 quidam
741 1329 823 1376 visi
856 1328 910 1375 ab
944 1328 1030 1376 suis
1070 1340 1196 1385 erant
1232 1328 1348 1375 inter
1385 1326 1560 1374 obfides

280 1404 465 1469 illyrios
489 1403 606 1450 ducti
631 1421 642 1450 ε
678 1405 752 1460 &,
779 1419 874 1464 quo
906 1419 1098 1469 quaeque
1124 1389 1374 1450 accuratius
1405 1417 1562 1448 curan-

279 1490 355 1525 tur
371 1515 384 1535 ‚
414 1495 470 1524 eo
503 1477 676 1527 facilius
699 1476 972 1539 loquacitate
990 1476 1216 1539 regiorum
1249 1473 1562 1522 ministrorum

282 1563 503 1598 emanant.
541 1551 631 1597 Sub
651 1548 769 1596 idem
803 1560 980 1612 tempus
1009 1548 1177 1596 Rhodii
1197 1546 1328 1611 legati
1356 1546 1402 1592 in
1423 1544 1565 1593 castra

281 1636 507 1670 venerunt
535 1640 637 1670 cum
668 1622 821 1669 iisdem
845 1622 898 1669 de
933 1639 1042 1686 pace
1061 1621 1281 1668 mandatis
1297 1655 1310 1679 ,
1344 1635 1444 1683 quae
1463 1618 1565 1664 Ro-

281 1714 367 1743 mae
390 1698 617 1760 ingentem
637 1695 747 1743 iram
773 1697 952 1742 Patrum
989 1695 1262 1742 excitavere.
1297 1691 1448 1739 Multo
1477 1690 1565 1736 ini-

283 1771 519 1834 quioribus
556 1770 713 1818 animis
745 1786 768 1815 a
801 1768 1005 1816 castrenfi
1043 1767 1234 1815 consilio
1268 1763 1409 1812 auditi
1445 1762 1562 1812 sunt.

283 1846 438 1905 ltaque
463 1861 564 1890 cum
596 1842 670 1889 alii
703 1841 953 1904 praecipites
979 1840 1068 1886 fine
1092 1838 1305 1903 responso
1326 1840 1350 1863 ⁴*
1367 1837 1565 1900 agendos

284 1915 434 1962 castris
451 1951 464 1973 ‚
498 1914 841 1978 pronuntiavit,
870 1912 969 1976 post
993 1913 1109 1959 diem
1131 1910 1566 1976 quintumdecimum

285 1986 328 2033 se
347 1986 606 2048 responsum
628 1987 846 2032 daturum.
866 1985 1042 2031 Interim
1055 2018 1067 2040 ‚
1083 1998 1133 2031 ut
1152 1995 1403 2047 appareret,
1422 2000 1566 2046 quan-

287 2070 382 2104 tum
405 2057 739 2119 pacificantium
766 2057 1051 2104 Rhodiorum
1077 2056 1315 2103 auctoritas
1336 2053 1565 2113 valuisset,

287 2130 541 2177 consultare
574 2131 628 2177 de
662 2131 836 2177 ratione
870 2131 974 2176 belli
1008 2129 1187 2193 gerendi
1220 2127 1374 2191 coepit.
1416 2125 1567 2173 Place-

289 2205 363 2249 bat
394 2203 657 2265 quibusdam
678 2238 692 2259 ‚
732 2204 780 2249 &
815 2202 1006 2247 maxime
1036 2200 1278 2262 majoribus
1313 2212 1452 2256 natu,
1487 2212 1567 2260 per

286 2274 446 2336 Enipei
474 2273 617 2336 ripam
649 2273 1009 2337 munitionesque
1039 2273 1133 2322 vim
1160 2271 1305 2319 facere
1326 2289 1344 2318 .-
1372 2269 1566 2329 confinis

290 2347 333 2395 δ’
359 2350 444 2394 vim
465 2349 724 2408 facientibus
756 2347 916 2412 resistere
937 2350 1194 2393 [Macedonas
1226 2365 1312 2392 non
1338 2344 1483 2408 poffie:
1514 2361 1567 2388 ex

291 2437 350 2466 tot
377 2422 546 2485 castellis
565 2423 781 2481 aliquanto
814 2421 1033 2465 altioribus
1063 2439 1112 2466 ac
1140 2420 1433 2465 munitioribus
1449 2450 1462 2473 ‚
1481 2431 1566 2476 qua:

292 2495 450 2538 validis
462 2492 670 2558 praefidiis
691 2489 947 2555 inscdiffirzt,
962 2494 1094 2553 priore
1115 2510 1228 2538 armo
1254 2488 1437 2547 dejeffos.
1472 2483 1568 2531 aliis
