<?xml version="1.0" encoding="UTF-8"?>
<!DOCTYPE html PUBLIC "-//W3C//DTD XHTML 1.0 Transitional//EN"
    "http://www.w3.org/TR/xhtml1/DTD/xhtml1-transitional.dtd">
<html xmlns="http://www.w3.org/1999/xhtml" xml:lang="en" lang="en">
 <head>
  <title>
</title>
<meta http-equiv="Content-Type" content="text/html;charset=utf-8" />
  <meta name='ocr-system' content='tesseract 3.04.00' />
  <meta name='ocr-capabilities' content='ocr_page ocr_carea ocr_par ocr_line ocrx_word'/>
</head>
<body>
  <div class='ocr_page' id='page_1' title='image "./historiarumlibri07livyuoft_0134.png"; bbox 0 0 1673 3052; ppageno 0'>
   <div class='ocr_carea' id='block_1_1' title="bbox 273 161 1227 214">
    <p class='ocr_par' dir='ltr' id='par_1_1' title="bbox 273 161 1227 214">
     <span class='ocr_line' id='line_1_1' title="bbox 273 161 1227 214; baseline -0.002 -1"><span class='ocrx_word' id='word_1_1' title='bbox 273 165 371 214; x_wconf 61' lang='lat'>,126</span> <span class='ocrx_word' id='word_1_2' title='bbox 638 161 1227 211; x_wconf 78' lang='lat' dir='ltr'>T1T1L1V11-</span> 
     </span>
    </p>
   </div>
   <div class='ocr_carea' id='block_1_2' title="bbox 270 268 1574 2522">
    <p class='ocr_par' dir='ltr' id='par_1_2' title="bbox 272 268 1574 1206">
     <span class='ocr_line' id='line_1_2' title="bbox 273 268 1566 335; baseline -0.001 -17"><span class='ocrx_word' id='word_1_3' title='bbox 273 283 403 335; x_wconf 78' lang='lat' dir='ltr'>parte</span> <span class='ocrx_word' id='word_1_4' title='bbox 437 271 520 318; x_wconf 86' lang='lat' dir='ltr'>alia</span> <span class='ocrx_word' id='word_1_5' title='bbox 549 269 672 318; x_wconf 81' lang='lat' dir='ltr'>scalis</span> <span class='ocrx_word' id='word_1_6' title='bbox 705 271 891 318; x_wconf 85' lang='lat' dir='ltr'>adortus</span> <span class='ocrx_word' id='word_1_7' title='bbox 909 306 923 328; x_wconf 94' lang='lat'>,</span> <span class='ocrx_word' id='word_1_8' title='bbox 952 271 1146 318; x_wconf 86' lang='lat' dir='ltr'>tumultu</span> <span class='ocrx_word' id='word_1_9' title='bbox 1174 270 1369 333; x_wconf 58' lang='lat' dir='ltr'>injecio,</span> <span class='ocrx_word' id='word_1_10' title='bbox 1401 268 1449 317; x_wconf 89' lang='lat' dir='ltr'>in</span> <span class='ocrx_word' id='word_1_11' title='bbox 1479 275 1566 318; x_wconf 64' lang='lat' dir='ltr'>cui-²</span> 
     </span>
     <span class='ocr_line' id='line_1_3' title="bbox 275 336 1561 406; baseline -0.002 -16"><span class='ocrx_word' id='word_1_12' title='bbox 275 336 468 390; x_wconf 73' lang='lat' dir='ltr'>stodiam</span> <span class='ocrx_word' id='word_1_13' title='bbox 507 343 600 405; x_wconf 82' lang='lat' dir='ltr'>ejus</span> <span class='ocrx_word' id='word_1_14' title='bbox 634 342 726 390; x_wconf 89' lang='lat' dir='ltr'>loci</span> <span class='ocrx_word' id='word_1_15' title='bbox 761 355 1121 406; x_wconf 78' lang='lat' dir='ltr'>propugnatores</span> <span class='ocrx_word' id='word_1_16' title='bbox 1157 342 1281 390; x_wconf 87' lang='lat' dir='ltr'>urbis</span> <span class='ocrx_word' id='word_1_17' title='bbox 1319 341 1561 390; x_wconf 74' lang='lat' dir='ltr'>avertisset.</span> 
     </span>
     <span class='ocr_line' id='line_1_4' title="bbox 273 415 1560 479; baseline -0.002 -16"><span class='ocrx_word' id='word_1_18' title='bbox 273 417 452 463; x_wconf 85' lang='lat' dir='ltr'>Erant&#39;</span> <span class='ocrx_word' id='word_1_19' title='bbox 443 433 490 462; x_wconf 86' lang='lat' dir='ltr'>m</span> <span class='ocrx_word' id='word_1_20' title='bbox 520 415 726 478; x_wconf 86' lang='lat' dir='ltr'>praefidio</span> <span class='ocrx_word' id='word_1_21' title='bbox 763 415 1074 473; x_wconf 81' lang='lat' dir='ltr'>Caffandreae‚</span> <span class='ocrx_word' id='word_1_22' title='bbox 1112 429 1272 479; x_wconf 84' lang='lat' dir='ltr'>praeter</span> <span class='ocrx_word' id='word_1_23' title='bbox 1312 432 1408 463; x_wconf 90' lang='lat' dir='ltr'>non</span> <span class='ocrx_word' id='word_1_24' title='bbox 1443 431 1560 462; x_wconf 92' lang='lat' dir='ltr'>con-</span> 
     </span>
     <span class='ocr_line' id='line_1_5' title="bbox 274 484 1566 552; baseline 0 -19"><span class='ocrx_word' id='word_1_25' title='bbox 274 489 563 534; x_wconf 75' lang='lat' dir='ltr'>temnendam</span> <span class='ocrx_word' id='word_1_26' title='bbox 593 484 880 548; x_wconf 77' lang='lat' dir='ltr'>juventutem</span> <span class='ocrx_word' id='word_1_27' title='bbox 917 488 1282 550; x_wconf 80' lang='lat' dir='ltr'>oppidanorum,</span> <span class='ocrx_word' id='word_1_28' title='bbox 1315 486 1566 552; x_wconf 72' lang='lat' dir='ltr'>offingenti</span> 
     </span>
     <span class='ocr_line' id='line_1_6' title="bbox 274 561 1561 626; baseline 0.001 -18"><span class='ocrx_word' id='word_1_29' title='bbox 274 561 520 625; x_wconf 83' lang='lat' dir='ltr'>Agrianes,</span> <span class='ocrx_word' id='word_1_30' title='bbox 554 563 605 608; x_wconf 87' lang='lat'>&amp;</span> <span class='ocrx_word' id='word_1_31' title='bbox 636 561 728 607; x_wconf 91' lang='lat' dir='ltr'>duo</span> <span class='ocrx_word' id='word_1_32' title='bbox 755 561 894 608; x_wconf 87' lang='lat' dir='ltr'>millia</span> <span class='ocrx_word' id='word_1_33' title='bbox 912 561 1195 608; x_wconf 84' lang='lat' dir='ltr'>Penestarum</span> <span class='ocrx_word' id='word_1_34' title='bbox 1214 562 1507 626; x_wconf 86' lang='lat' dir='ltr'>lllyriorum,</span> <span class='ocrx_word' id='word_1_35' title='bbox 1534 579 1561 608; x_wconf 84' lang='lat' dir='ltr'>a</span> 
     </span>
     <span class='ocr_line' id='line_1_7' title="bbox 273 632 1561 699; baseline 0.002 -20"><span class='ocrx_word' id='word_1_36' title='bbox 273 633 486 680; x_wconf 87' lang='lat' dir='ltr'>Pleurato</span> <span class='ocrx_word' id='word_1_37' title='bbox 520 633 624 679; x_wconf 89' lang='lat' dir='ltr'>inde</span> <span class='ocrx_word' id='word_1_38' title='bbox 653 632 798 691; x_wconf 74' lang='lat' dir='ltr'>mim,</span> <span class='ocrx_word' id='word_1_39' title='bbox 835 633 1100 682; x_wconf 87' lang='lat' dir='ltr'>bellicosum</span> <span class='ocrx_word' id='word_1_40' title='bbox 1132 650 1370 698; x_wconf 89' lang='lat' dir='ltr'>utrumque</span> <span class='ocrx_word' id='word_1_41' title='bbox 1405 650 1561 699; x_wconf 83' lang='lat' dir='ltr'>genus.</span> 
     </span>
     <span class='ocr_line' id='line_1_8' title="bbox 275 706 1562 764; baseline 0.001 -12"><span class='ocrx_word' id='word_1_42' title='bbox 275 706 359 752; x_wconf 88' lang='lat' dir='ltr'>His</span> <span class='ocrx_word' id='word_1_43' title='bbox 386 706 615 752; x_wconf 88' lang='lat' dir='ltr'>tuentibus</span> <span class='ocrx_word' id='word_1_44' title='bbox 646 721 830 761; x_wconf 87' lang='lat' dir='ltr'>muros,</span> <span class='ocrx_word' id='word_1_45' title='bbox 853 723 956 764; x_wconf 84' lang='lat' dir='ltr'>cum</span> <span class='ocrx_word' id='word_1_46' title='bbox 987 706 1133 754; x_wconf 90' lang='lat' dir='ltr'>subire</span> <span class='ocrx_word' id='word_1_47' title='bbox 1165 707 1362 754; x_wconf 87' lang='lat' dir='ltr'>Romani</span> <span class='ocrx_word' id='word_1_48' title='bbox 1391 706 1562 754; x_wconf 85' lang='lat' dir='ltr'>summa</span> 
     </span>
     <span class='ocr_line' id='line_1_9' title="bbox 274 779 1570 844; baseline -0.001 -17"><span class='ocrx_word' id='word_1_49' title='bbox 274 779 329 827; x_wconf 81' lang='lat' dir='ltr'>vi</span> <span class='ocrx_word' id='word_1_50' title='bbox 359 780 635 837; x_wconf 84' lang='lat' dir='ltr'>niterentur,</span> <span class='ocrx_word' id='word_1_51' title='bbox 673 792 910 826; x_wconf 90' lang='lat' dir='ltr'>momento</span> <span class='ocrx_word' id='word_1_52' title='bbox 940 781 1159 843; x_wconf 87' lang='lat' dir='ltr'>temporis</span> <span class='ocrx_word' id='word_1_53' title='bbox 1195 781 1381 844; x_wconf 86' lang='lat' dir='ltr'>parietes</span> <span class='ocrx_word' id='word_1_54' title='bbox 1416 780 1570 828; x_wconf 45' lang='lat' dir='ltr'>fornia</span> 
     </span>
     <span class='ocr_line' id='line_1_10' title="bbox 272 853 1574 917; baseline -0.002 -17"><span class='ocrx_word' id='word_1_55' title='bbox 272 870 381 900; x_wconf 85' lang='lat' dir='ltr'>cum</span> <span class='ocrx_word' id='word_1_56' title='bbox 411 853 593 916; x_wconf 87' lang='lat' dir='ltr'>perfoffi</span> <span class='ocrx_word' id='word_1_57' title='bbox 627 854 783 900; x_wconf 87' lang='lat' dir='ltr'>urbem</span> <span class='ocrx_word' id='word_1_58' title='bbox 812 853 1135 915; x_wconf 86' lang='lat' dir='ltr'>patefecerunt.</span> <span class='ocrx_word' id='word_1_59' title='bbox 1167 853 1294 917; x_wconf 92' lang='lat' dir='ltr'>quod</span> <span class='ocrx_word' id='word_1_60' title='bbox 1318 853 1377 911; x_wconf 89' lang='lat' dir='ltr'>fi,</span> <span class='ocrx_word' id='word_1_61' title='bbox 1401 853 1478 917; x_wconf 86' lang='lat' dir='ltr'>qui</span> <span class='ocrx_word' id='word_1_62' title='bbox 1502 854 1574 899; x_wconf 85' lang='lat' dir='ltr'>ir-.</span> 
     </span>
     <span class='ocr_line' id='line_1_11' title="bbox 273 927 1562 991; baseline 0 -17"><span class='ocrx_word' id='word_1_63' title='bbox 273 945 464 990; x_wconf 78' lang='lat' dir='ltr'>rupere,</span> <span class='ocrx_word' id='word_1_64' title='bbox 494 929 654 974; x_wconf 87' lang='lat' dir='ltr'>armati</span> <span class='ocrx_word' id='word_1_65' title='bbox 687 927 897 985; x_wconf 72' lang='lat' dir='ltr'>fuissent,</span> <span class='ocrx_word' id='word_1_66' title='bbox 928 929 1159 990; x_wconf 84' lang='lat' dir='ltr'>extemplo</span> <span class='ocrx_word' id='word_1_67' title='bbox 1193 927 1418 991; x_wconf 72' lang='lat' dir='ltr'>cepissent.</span> <span class='ocrx_word' id='word_1_68' title='bbox 1459 927 1562 974; x_wconf 89' lang='lat' dir='ltr'>Hoc</span> 
     </span>
     <span class='ocr_line' id='line_1_12' title="bbox 272 999 1562 1064; baseline -0.001 -18"><span class='ocrx_word' id='word_1_69' title='bbox 272 1001 355 1047; x_wconf 84' lang='lat' dir='ltr'>ubi</span> <span class='ocrx_word' id='word_1_70' title='bbox 380 999 626 1064; x_wconf 63' lang='lat' dir='ltr'>perfectum</span> <span class='ocrx_word' id='word_1_71' title='bbox 659 1000 744 1046; x_wconf 85' lang='lat' dir='ltr'>effe</span> <span class='ocrx_word' id='word_1_72' title='bbox 781 1016 898 1063; x_wconf 87' lang='lat' dir='ltr'>opus</span> <span class='ocrx_word' id='word_1_73' title='bbox 929 1000 1148 1048; x_wconf 79' lang='lat' dir='ltr'>militibus</span> <span class='ocrx_word' id='word_1_74' title='bbox 1182 1001 1435 1048; x_wconf 85' lang='lat' dir='ltr'>nuntiatum</span> <span class='ocrx_word' id='word_1_75' title='bbox 1471 999 1562 1057; x_wconf 90' lang='lat' dir='ltr'>est,</span> 
     </span>
     <span class='ocr_line' id='line_1_13' title="bbox 273 1071 1570 1138; baseline -0.003 -20"><span class='ocrx_word' id='word_1_76' title='bbox 273 1074 524 1138; x_wconf 78' lang='lat' dir='ltr'>clamorem</span> <span class='ocrx_word' id='word_1_77' title='bbox 551 1072 717 1119; x_wconf 81' lang='lat' dir='ltr'><strong>alacres</strong></span> <span class='ocrx_word' id='word_1_78' title='bbox 741 1071 903 1133; x_wconf 78' lang='lat' dir='ltr'>gaudio</span> <span class='ocrx_word' id='word_1_79' title='bbox 932 1085 1116 1134; x_wconf 89' lang='lat' dir='ltr'>repente</span> <span class='ocrx_word' id='word_1_80' title='bbox 1135 1073 1326 1130; x_wconf 90' lang='lat' dir='ltr'>tollunt,</span> <span class='ocrx_word' id='word_1_81' title='bbox 1345 1072 1442 1118; x_wconf 89' lang='lat' dir='ltr'>aliis</span> <span class='ocrx_word' id='word_1_82' title='bbox 1457 1086 1570 1132; x_wconf 87' lang='lat' dir='ltr'>par-.</span> 
     </span>
     <span class='ocr_line' id='line_1_14' title="bbox 275 1142 994 1225; baseline 0.003 -37"><span class='ocrx_word' id='word_1_83' title='bbox 275 1154 323 1194; x_wconf 70' lang='lat' dir='ltr'>te</span> <span class='ocrx_word' id='word_1_84' title='bbox 353 1142 482 1190; x_wconf 85' lang='lat' dir='ltr'>alia</span> <span class='ocrx_word' id='word_1_85' title='bbox 470 1160 518 1190; x_wconf 87' lang='lat' dir='ltr'>m</span> <span class='ocrx_word' id='word_1_86' title='bbox 554 1144 713 1190; x_wconf 89' lang='lat' dir='ltr'>urbem</span> <span class='ocrx_word' id='word_1_87' title='bbox 725 1142 994 1225; x_wconf 80' lang='lat' dir='ltr'><strong>irrupturis.</strong></span> 
     </span>
    </p>

    <p class='ocr_par' dir='ltr' id='par_1_3' title="bbox 270 1214 1568 2522">
     <span class='ocr_line' id='line_1_15' title="bbox 342 1214 1562 1280; baseline -0.002 -16"><span class='ocrx_word' id='word_1_88' title='bbox 342 1217 442 1265; x_wconf 84' lang='grc' dir='ltr'>ΧΠ.</span> <span class='ocrx_word' id='word_1_89' title='bbox 474 1216 635 1264; x_wconf 88' lang='lat' dir='ltr'>Hostes</span> <span class='ocrx_word' id='word_1_90' title='bbox 669 1216 862 1280; x_wconf 89' lang='lat' dir='ltr'>primum</span> <span class='ocrx_word' id='word_1_91' title='bbox 891 1215 1129 1263; x_wconf 79' lang='lat' dir='ltr'>admiratio</span> <span class='ocrx_word' id='word_1_92' title='bbox 1165 1215 1314 1279; x_wconf 88' lang='lat' dir='ltr'>cepit,</span> <span class='ocrx_word' id='word_1_93' title='bbox 1347 1214 1562 1279; x_wconf 81' lang='lat' dir='ltr'>quidnam</span> 
     </span>
     <span class='ocr_line' id='line_1_16' title="bbox 276 1290 1563 1355; baseline -0.002 -17"><span class='ocrx_word' id='word_1_94' title='bbox 276 1291 359 1339; x_wconf 82' lang='lat' dir='ltr'>fibi</span> <span class='ocrx_word' id='word_1_95' title='bbox 379 1291 639 1355; x_wconf 84' lang='lat' dir='ltr'>repentinus</span> <span class='ocrx_word' id='word_1_96' title='bbox 669 1292 842 1338; x_wconf 86' lang='lat' dir='ltr'>clamor</span> <span class='ocrx_word' id='word_1_97' title='bbox 868 1291 1020 1338; x_wconf 86' lang='lat' dir='ltr'>vellet.</span> <span class='ocrx_word' id='word_1_98' title='bbox 1050 1290 1286 1354; x_wconf 86' lang='lat' dir='ltr'>postquam</span> <span class='ocrx_word' id='word_1_99' title='bbox 1315 1304 1463 1352; x_wconf 87' lang='lat' dir='ltr'>patere</span> <span class='ocrx_word' id='word_1_100' title='bbox 1485 1307 1563 1336; x_wconf 91' lang='lat' dir='ltr'>ur-</span> 
     </span>
     <span class='ocr_line' id='line_1_17' title="bbox 270 1362 1566 1427; baseline -0.004 -15"><span class='ocrx_word' id='word_1_101' title='bbox 270 1364 382 1413; x_wconf 71' lang='lat' dir='ltr'>bem</span> <span class='ocrx_word' id='word_1_102' title='bbox 401 1381 614 1427; x_wconf 80' lang='lat' dir='ltr'>accepere</span> <span class='ocrx_word' id='word_1_103' title='bbox 636 1364 833 1427; x_wconf 63' lang='lat' dir='ltr'>praefecli</span> <span class='ocrx_word' id='word_1_104' title='bbox 852 1363 1043 1426; x_wconf 86' lang='lat' dir='ltr'>praefidii</span> <span class='ocrx_word' id='word_1_105' title='bbox 1066 1363 1219 1427; x_wconf 87' lang='lat' dir='ltr'>Pytho</span> <span class='ocrx_word' id='word_1_106' title='bbox 1240 1365 1290 1410; x_wconf 89' lang='lat'>&amp;</span> <span class='ocrx_word' id='word_1_107' title='bbox 1308 1362 1535 1425; x_wconf 85' lang='lat' dir='ltr'>Philippus</span> <span class='ocrx_word' id='word_1_108' title='bbox 1548 1396 1566 1419; x_wconf 88' lang='lat'><strong>,</strong></span> 
     </span>
     <span class='ocr_line' id='line_1_18' title="bbox 276 1435 1564 1502; baseline -0.001 -19"><span class='ocrx_word' id='word_1_109' title='bbox 276 1452 365 1499; x_wconf 86' lang='lat' dir='ltr'>pro</span> <span class='ocrx_word' id='word_1_110' title='bbox 400 1454 484 1496; x_wconf 79' lang='lat' dir='ltr'>eo,</span> <span class='ocrx_word' id='word_1_111' title='bbox 512 1438 590 1502; x_wconf 88' lang='lat' dir='ltr'>qui</span> <span class='ocrx_word' id='word_1_112' title='bbox 621 1436 878 1500; x_wconf 81' lang='lat' dir='ltr'>occupaffet</span> <span class='ocrx_word' id='word_1_113' title='bbox 906 1436 1116 1500; x_wconf 83' lang='lat' dir='ltr'>aggredi,</span> <span class='ocrx_word' id='word_1_114' title='bbox 1141 1452 1257 1499; x_wconf 89' lang='lat' dir='ltr'>opus</span> <span class='ocrx_word' id='word_1_115' title='bbox 1283 1435 1447 1482; x_wconf 55' lang='lat' dir='ltr'>facium</span> <span class='ocrx_word' id='word_1_116' title='bbox 1478 1435 1564 1482; x_wconf 80' lang='lat' dir='ltr'>effe</span> 
     </span>
     <span class='ocr_line' id='line_1_19' title="bbox 279 1509 1565 1574; baseline -0.001 -18"><span class='ocrx_word' id='word_1_117' title='bbox 279 1511 397 1569; x_wconf 81' lang='lat' dir='ltr'>rati,</span> <span class='ocrx_word' id='word_1_118' title='bbox 433 1528 536 1557; x_wconf 89' lang='lat' dir='ltr'>cum</span> <span class='ocrx_word' id='word_1_119' title='bbox 572 1510 721 1557; x_wconf 83' lang='lat' dir='ltr'>valida</span> <span class='ocrx_word' id='word_1_120' title='bbox 755 1527 890 1556; x_wconf 87' lang='lat' dir='ltr'>manu</span> <span class='ocrx_word' id='word_1_121' title='bbox 929 1510 1172 1574; x_wconf 76' lang='lat' dir='ltr'>Agrianum</span> <span class='ocrx_word' id='word_1_122' title='bbox 1211 1509 1565 1573; x_wconf 85' lang='lat' dir='ltr'>Illyriorumque</span> 
     </span>
     <span class='ocr_line' id='line_1_20' title="bbox 278 1580 1565 1646; baseline -0.003 -16"><span class='ocrx_word' id='word_1_123' title='bbox 278 1595 547 1646; x_wconf 77' lang='lat' dir='ltr'>erumpunt:</span> <span class='ocrx_word' id='word_1_124' title='bbox 579 1582 932 1646; x_wconf 81' lang='lat' dir='ltr'>Romanosque,</span> <span class='ocrx_word' id='word_1_125' title='bbox 963 1582 1042 1645; x_wconf 91' lang='lat' dir='ltr'>qui</span> <span class='ocrx_word' id='word_1_126' title='bbox 1068 1582 1142 1628; x_wconf 87' lang='lat' dir='ltr'>alii</span> <span class='ocrx_word' id='word_1_127' title='bbox 1170 1581 1348 1628; x_wconf 82' lang='lat' dir='ltr'>aliunde</span> <span class='ocrx_word' id='word_1_128' title='bbox 1379 1580 1565 1628; x_wconf 82' lang='lat' dir='ltr'>coibant</span> 
     </span>
     <span class='ocr_line' id='line_1_21' title="bbox 279 1653 1563 1720; baseline -0.003 -17"><span class='ocrx_word' id='word_1_129' title='bbox 279 1657 782 1720; x_wconf 80' lang='lat' dir='ltr'>convocabanturque‚</span> <span class='ocrx_word' id='word_1_130' title='bbox 819 1667 869 1702; x_wconf 89' lang='lat' dir='ltr'>ut</span> <span class='ocrx_word' id='word_1_131' title='bbox 901 1655 1020 1719; x_wconf 80' lang='lat' dir='ltr'>signa</span> <span class='ocrx_word' id='word_1_132' title='bbox 1051 1655 1097 1701; x_wconf 92' lang='lat' dir='ltr'>in</span> <span class='ocrx_word' id='word_1_133' title='bbox 1127 1655 1285 1701; x_wconf 86' lang='lat' dir='ltr'>urbem</span> <span class='ocrx_word' id='word_1_134' title='bbox 1319 1653 1563 1711; x_wconf 81' lang='lat' dir='ltr'>inferrent,</span> 
     </span>
     <span class='ocr_line' id='line_1_22' title="bbox 279 1725 1564 1791; baseline -0.003 -16"><span class='ocrx_word' id='word_1_135' title='bbox 279 1729 611 1791; x_wconf 74' lang='lat' dir='ltr'>‚incompositos</span> <span class='ocrx_word' id='word_1_136' title='bbox 630 1739 762 1791; x_wconf 86' lang='lat' dir='ltr'>atque</span> <span class='ocrx_word' id='word_1_137' title='bbox 783 1727 1069 1774; x_wconf 84' lang='lat' dir='ltr'>inordinatos</span> <span class='ocrx_word' id='word_1_138' title='bbox 1088 1726 1245 1790; x_wconf 84' lang='lat' dir='ltr'>fugant</span> <span class='ocrx_word' id='word_1_139' title='bbox 1259 1763 1273 1786; x_wconf 88' lang='lat'>‚</span> <span class='ocrx_word' id='word_1_140' title='bbox 1291 1725 1564 1790; x_wconf 83' lang='lat' dir='ltr'>persequun-</span> 
     </span>
     <span class='ocr_line' id='line_1_23' title="bbox 280 1798 1565 1864; baseline -0.002 -17"><span class='ocrx_word' id='word_1_141' title='bbox 280 1808 447 1864; x_wconf 66' lang='lat' dir='ltr'>turque</span> <span class='ocrx_word' id='word_1_142' title='bbox 479 1801 534 1847; x_wconf 85' lang='lat' dir='ltr'>ad</span> <span class='ocrx_word' id='word_1_143' title='bbox 563 1800 746 1847; x_wconf 81' lang='lat' dir='ltr'>fossam:</span> <span class='ocrx_word' id='word_1_144' title='bbox 783 1800 831 1846; x_wconf 90' lang='lat' dir='ltr'>in</span> <span class='ocrx_word' id='word_1_145' title='bbox 867 1817 1000 1863; x_wconf 82' lang='lat' dir='ltr'>quam</span> <span class='ocrx_word' id='word_1_146' title='bbox 1030 1798 1291 1862; x_wconf 87' lang='lat' dir='ltr'>compulsos</span> <span class='ocrx_word' id='word_1_147' title='bbox 1319 1798 1451 1845; x_wconf 89' lang='lat' dir='ltr'>ruina</span> <span class='ocrx_word' id='word_1_148' title='bbox 1485 1815 1565 1845; x_wconf 91' lang='lat' dir='ltr'>cu-</span> 
     </span>
     <span class='ocr_line' id='line_1_24' title="bbox 280 1871 1567 1935; baseline -0.002 -15"><span class='ocrx_word' id='word_1_149' title='bbox 280 1875 468 1921; x_wconf 79' lang='lat' dir='ltr'>mulant.</span> <span class='ocrx_word' id='word_1_150' title='bbox 487 1874 685 1921; x_wconf 82' lang='lat' dir='ltr'>sexcenti</span> <span class='ocrx_word' id='word_1_151' title='bbox 704 1873 841 1920; x_wconf 88' lang='lat' dir='ltr'>ferme</span> <span class='ocrx_word' id='word_1_152' title='bbox 859 1873 919 1919; x_wconf 89' lang='lat' dir='ltr'>ibi</span> <span class='ocrx_word' id='word_1_153' title='bbox 936 1873 1155 1919; x_wconf 72' lang='lat' dir='ltr'>interfeffi</span> <span class='ocrx_word' id='word_1_154' title='bbox 1169 1908 1183 1931; x_wconf 86' lang='lat'><strong>,</strong></span> <span class='ocrx_word' id='word_1_155' title='bbox 1200 1871 1444 1935; x_wconf 87' lang='lat' dir='ltr'>omnesque</span> <span class='ocrx_word' id='word_1_156' title='bbox 1462 1888 1567 1933; x_wconf 91' lang='lat' dir='ltr'>pro-</span> 
     </span>
     <span class='ocr_line' id='line_1_25' title="bbox 281 1942 1566 2008; baseline -0.003 -16"><span class='ocrx_word' id='word_1_157' title='bbox 281 1963 366 2007; x_wconf 83' lang='lat' dir='ltr'>pe,</span> <span class='ocrx_word' id='word_1_158' title='bbox 395 1944 473 2008; x_wconf 89' lang='lat' dir='ltr'>qui</span> <span class='ocrx_word' id='word_1_159' title='bbox 504 1946 622 1992; x_wconf 85' lang='lat' dir='ltr'>inter</span> <span class='ocrx_word' id='word_1_160' title='bbox 645 1962 824 1992; x_wconf 89' lang='lat' dir='ltr'>murum</span> <span class='ocrx_word' id='word_1_161' title='bbox 849 1943 1097 2007; x_wconf 77' lang='lat' dir='ltr'>foffamque</span> <span class='ocrx_word' id='word_1_162' title='bbox 1121 1942 1379 2006; x_wconf 74' lang='lat' dir='ltr'>deprehensi</span> <span class='ocrx_word' id='word_1_163' title='bbox 1408 1955 1566 2000; x_wconf 89' lang='lat' dir='ltr'>erant,</span> 
     </span>
     <span class='ocr_line' id='line_1_26' title="bbox 280 2014 1564 2080; baseline -0.006 -12"><span class='ocrx_word' id='word_1_164' title='bbox 280 2019 592 2068; x_wconf 79' lang='lat' dir='ltr'>vulnerantur.</span> <span class='ocrx_word' id='word_1_165' title='bbox 628 2022 687 2065; x_wconf 80' lang='lat' dir='ltr'>lta</span> <span class='ocrx_word' id='word_1_166' title='bbox 709 2018 788 2063; x_wconf 89' lang='lat' dir='ltr'>suo</span> <span class='ocrx_word' id='word_1_167' title='bbox 809 2016 898 2080; x_wconf 90' lang='lat' dir='ltr'>ipse</span> <span class='ocrx_word' id='word_1_168' title='bbox 919 2029 1085 2063; x_wconf 85' lang='lat' dir='ltr'>conatu</span> <span class='ocrx_word' id='word_1_169' title='bbox 1113 2014 1341 2078; x_wconf 88' lang='lat' dir='ltr'>perculsus</span> <span class='ocrx_word' id='word_1_170' title='bbox 1369 2030 1564 2077; x_wconf 85' lang='lat' dir='ltr'>praet0r‚</span> 
     </span>
     <span class='ocr_line' id='line_1_27' title="bbox 281 2087 1567 2154; baseline -0.004 -17"><span class='ocrx_word' id='word_1_171' title='bbox 281 2091 459 2154; x_wconf 65' lang='lat' dir='ltr'>legnior</span> <span class='ocrx_word' id='word_1_172' title='bbox 491 2092 546 2137; x_wconf 88' lang='lat' dir='ltr'>ad</span> <span class='ocrx_word' id='word_1_173' title='bbox 577 2091 661 2137; x_wconf 88' lang='lat' dir='ltr'>alia</span> <span class='ocrx_word' id='word_1_174' title='bbox 691 2089 828 2136; x_wconf 59' lang='lat' dir='ltr'>tacius</span> <span class='ocrx_word' id='word_1_175' title='bbox 856 2089 1041 2136; x_wconf 75' lang='lat' dir='ltr'>consilia</span> <span class='ocrx_word' id='word_1_176' title='bbox 1072 2100 1193 2134; x_wconf 84' lang='lat' dir='ltr'>erat:</span> <span class='ocrx_word' id='word_1_177' title='bbox 1229 2088 1279 2134; x_wconf 88' lang='lat'>&amp;</span> <span class='ocrx_word' id='word_1_178' title='bbox 1303 2104 1359 2133; x_wconf 91' lang='lat' dir='ltr'>ne</span> <span class='ocrx_word' id='word_1_179' title='bbox 1378 2087 1567 2133; x_wconf 87' lang='lat' dir='ltr'>Eumeni</span> 
     </span>
     <span class='ocr_line' id='line_1_28' title="bbox 281 2143 1565 2228; baseline -0.003 -20"><span class='ocrx_word' id='word_1_180' title='bbox 281 2143 496 2228; x_wconf 70' lang='lat' dir='ltr'>quidem,</span> <span class='ocrx_word' id='word_1_181' title='bbox 526 2162 652 2208; x_wconf 86' lang='lat' dir='ltr'>fimul</span> <span class='ocrx_word' id='word_1_182' title='bbox 682 2179 707 2208; x_wconf 86' lang='lat' dir='ltr'>a</span> <span class='ocrx_word' id='word_1_183' title='bbox 735 2161 868 2219; x_wconf 87' lang='lat' dir='ltr'>mari,</span> <span class='ocrx_word' id='word_1_184' title='bbox 905 2161 1033 2207; x_wconf 77' lang='lat' dir='ltr'>simul</span> <span class='ocrx_word' id='word_1_185' title='bbox 1064 2178 1087 2206; x_wconf 85' lang='lat' dir='ltr'>a</span> <span class='ocrx_word' id='word_1_186' title='bbox 1117 2174 1233 2206; x_wconf 76' lang='lat' dir='ltr'>terra</span> <span class='ocrx_word' id='word_1_187' title='bbox 1259 2159 1565 2222; x_wconf 80' lang='lat' dir='ltr'>aggredienti,</span> 
     </span>
     <span class='ocr_line' id='line_1_29' title="bbox 282 2233 1565 2301; baseline -0.003 -19"><span class='ocrx_word' id='word_1_188' title='bbox 282 2238 527 2301; x_wconf 81' lang='lat' dir='ltr'>quidquam</span> <span class='ocrx_word' id='word_1_189' title='bbox 558 2235 654 2283; x_wconf 74' lang='lat' dir='ltr'>iaris</span> <span class='ocrx_word' id='word_1_190' title='bbox 682 2235 968 2299; x_wconf 84' lang='lat' dir='ltr'>procedebat.</span> <span class='ocrx_word' id='word_1_191' title='bbox 1005 2233 1175 2280; x_wconf 84' lang='lat' dir='ltr'>Placuit</span> <span class='ocrx_word' id='word_1_192' title='bbox 1202 2234 1337 2297; x_wconf 82' lang='lat' dir='ltr'>igitur</span> <span class='ocrx_word' id='word_1_193' title='bbox 1358 2233 1565 2295; x_wconf 88' lang='lat' dir='ltr'>utrique,</span> 
     </span>
     <span class='ocr_line' id='line_1_30' title="bbox 281 2306 1565 2372; baseline -0.005 -15"><span class='ocrx_word' id='word_1_194' title='bbox 281 2310 495 2360; x_wconf 85' lang='lat' dir='ltr'>custodiis</span> <span class='ocrx_word' id='word_1_195' title='bbox 522 2309 704 2355; x_wconf 77' lang='lat' dir='ltr'>firmatis</span> <span class='ocrx_word' id='word_1_196' title='bbox 722 2345 736 2367; x_wconf 94' lang='lat'>‚</span> <span class='ocrx_word' id='word_1_197' title='bbox 768 2326 822 2355; x_wconf 91' lang='lat' dir='ltr'>ne</span> <span class='ocrx_word' id='word_1_198' title='bbox 844 2308 969 2372; x_wconf 89' lang='lat' dir='ltr'>quod</span> <span class='ocrx_word' id='word_1_199' title='bbox 998 2307 1247 2370; x_wconf 86' lang='lat' dir='ltr'>praefidium</span> <span class='ocrx_word' id='word_1_200' title='bbox 1268 2324 1325 2353; x_wconf 83' lang='lat' dir='ltr'>ex</span> <span class='ocrx_word' id='word_1_201' title='bbox 1345 2306 1565 2352; x_wconf 87' lang='lat' dir='ltr'>Macedo-</span> 
     </span>
     <span class='ocr_line' id='line_1_31' title="bbox 283 2382 1564 2446; baseline -0.006 -15"><span class='ocrx_word' id='word_1_202' title='bbox 283 2385 357 2431; x_wconf 85' lang='lat' dir='ltr'>nia</span> <span class='ocrx_word' id='word_1_203' title='bbox 383 2383 624 2431; x_wconf 86' lang='lat' dir='ltr'>intromitti</span> <span class='ocrx_word' id='word_1_204' title='bbox 649 2383 811 2445; x_wconf 66' lang='lat' dir='ltr'>posset,</span> <span class='ocrx_word' id='word_1_205' title='bbox 837 2382 1054 2446; x_wconf 77' lang='lat' dir='ltr'>quoniam</span> <span class='ocrx_word' id='word_1_206' title='bbox 1074 2382 1143 2429; x_wconf 83' lang='lat' dir='ltr'>vis</span> <span class='ocrx_word' id='word_1_207' title='bbox 1168 2392 1317 2441; x_wconf 79' lang='lat' dir='ltr'>aperta</span> <span class='ocrx_word' id='word_1_208' title='bbox 1337 2395 1433 2426; x_wconf 87' lang='lat' dir='ltr'>non</span> <span class='ocrx_word' id='word_1_209' title='bbox 1458 2394 1564 2440; x_wconf 88' lang='lat' dir='ltr'>pro-</span> 
     </span>
     <span class='ocr_line' id='line_1_32' title="bbox 282 2455 1568 2522; baseline -0.005 -18"><span class='ocrx_word' id='word_1_210' title='bbox 282 2457 462 2505; x_wconf 78' lang='lat' dir='ltr'>ceffiffer</span> <span class='ocrx_word' id='word_1_211' title='bbox 479 2494 494 2519; x_wconf 86' lang='lat'><em>‚</em></span> <span class='ocrx_word' id='word_1_212' title='bbox 523 2458 736 2522; x_wconf 84' lang='lat' dir='ltr'>operibus</span> <span class='ocrx_word' id='word_1_213' title='bbox 757 2456 926 2504; x_wconf 74' lang='lat' dir='ltr'>moenia</span> <span class='ocrx_word' id='word_1_214' title='bbox 954 2468 1233 2519; x_wconf 79' lang='lat' dir='ltr'>oppugnare.</span> <span class='ocrx_word' id='word_1_215' title='bbox 1269 2455 1378 2501; x_wconf 76' lang='lat' dir='ltr'>Haec</span> <span class='ocrx_word' id='word_1_216' title='bbox 1407 2468 1568 2516; x_wconf 82' lang='lat' dir='ltr'>paran-</span> 
     </span>
    </p>
   </div>
  </div>
 </body>
</html>
