1673 3052
223 195 349 241 TITI
374 196 514 240 LIVII
546 194 894 241 HISTORIAR.
922 195 1024 240 ΗΒ.
1047 196 1201 244 XLIII.
1303 197 1330 245 8
1339 215 1362 260 3

79 303 125 350 in
147 302 453 356 deditionem;
483 301 725 364 omniaque
752 301 805 350 iis
826 301 898 349 sua
924 303 1163 361 concessit,
1186 317 1237 352 ut
1267 307 1372 369 opi-

51 408 54 411 *
79 377 218 424 nione
241 375 492 424 clementiae
511 391 622 431 eos,
646 376 723 439 qui
745 377 1029 424 Carnuntem
1050 379 1266 426 munitam
1292 398 1371 425 ur-

78 452 180 499 bem
205 451 491 505 incolebant,
514 449 725 496 alliceret.
756 451 993 513 postquam
1026 469 1109 499 nec
1127 489 1140 511 ,
1159 466 1209 500 ut
1234 455 1371 502 dede-

79 538 180 571 rent
199 524 269 582 se,
292 523 591 586 compellere,
613 540 758 586 neque
780 540 940 585 capere
965 524 1214 571 obsidendo
1235 540 1370 588 pote·

79 610 176 652 rat;
204 614 261 643 ne
297 596 469 644 duabus
501 595 922 659 oppugnationibus
959 597 1263 659 nequidquam
1301 600 1370 645 fa-

79 672 240 735 tigatus
267 669 396 718 miles
426 669 531 730 esset
550 706 564 726 ‚
590 686 698 732 quas
732 668 854 731 prius
887 669 1071 715 intafias
1106 672 1237 718 urbes
1267 673 1370 718 reli·

78 757 260 807 querat,
283 743 481 807 diripuit.
503 743 627 789 Alter
646 741 804 788 consul
825 744 878 790 C.
901 742 1075 789 Caffius
1094 743 1237 790 necin
1260 747 1373 792 Gal-

77 818 138 865 lia
155 855 168 877 ‚
189 836 324 881 quam
353 816 535 863 sortitus
562 829 681 874 erat,
702 816 994 862 memorabile
1016 816 1255 881 quidquam
1275 820 1373 882 ges-

17 903 22 906 ’
80 892 159 939 fit:
181 894 229 940 &
267 908 346 954 per
375 891 610 955 Illyricum
647 891 809 936 ducere
841 889 1042 953 legiones
1075 890 1121 936 in
1152 893 1372 938 Macedo·-

81 963 201 1011 niam
236 979 361 1010 vano
381 961 564 1024 incepto
594 961 656 1008 est
686 962 1152 1026 conatu5.1ngreffum
1178 963 1269 1009 hoc
1289 962 1373 1010 iter

81 1036 312 1086 consulem
345 1035 518 1082 senatus
543 1052 601 1081 ex
634 1034 986 1098 Aquilejenfium
1011 1036 1164 1100 legatis
1196 1053 1372 1101 cogno-

81 1109 564 1173 vittqui,querentes
596 1105 978 1154 coloniam'suam
1014 1124 1186 1155 novam
1216 1111 1267 1157 &
1299 1110 1375 1156 in-

82 1182 284 1240 firmam,
304 1182 495 1229 necdum
532 1180 631 1227 satis
665 1179 909 1238 munitam,
935 1179 1051 1226 inter
1083 1180 1262 1229 infestas
1293 1198 1375 1230 na-·

81 1258 234 1304 tiones
263 1255 474 1302 lstrorum
502 1256 553 1302 &
575 1253 841 1318 lllyriorum
873 1254 987 1313 effe,
1012 1271 1112 1301 cum
1144 1268 1373 1318 peterent,

81 1343 134 1378 ut
156 1332 327 1376 senatus
351 1346 469 1375 curae
496 1328 700 1386 haberet,
721 1328 961 1390 quomodo
991 1344 1042 1374 ea
1069 1328 1252 1376 colonia
1273 1349 1372 1379 mu-

83 1404 289 1462 niremur,
316 1401 606 1464 interrogati,
637 1401 868 1447 vellentne
891 1419 986 1448 eam
1017 1418 1110 1449 rem
1140 1405 1192 1451 C.
1221 1405 1372 1454 Caffio

84 1475 262 1523 consuli
298 1473 532 1520 mandari?
569 1473 921 1535 responderunt,
967 1474 1188 1533 Caffium,
1228 1479 1376 1543 Aqui..

84 1548 218 1612 lejam
238 1548 408 1595 indicio
433 1547 666 1604 exercitu,
688 1546 940 1609 profeclum
968 1565 1046 1610 per
1073 1550 1305 1614 Illyricum
1327 1554 1376 1602 in

85 1621 401 1669 Macedoniam
433 1621 529 1667 effe.
559 1623 621 1667 Ea
651 1637 720 1667 res
750 1622 902 1684 primo
936 1621 1211 1671 incredibilis
1243 1626 1372 1673 visa:

85 1697 135 1744 ὅ(
155 1711 240 1759 pro
268 1693 309 1740 se
325 1693 513 1757 quisque
533 1694 736 1752 credere,
756 1694 920 1742 Carnis
949 1694 1132 1741 forsitan
1154 1709 1229 1743 aut
1257 1698 1374 1745 Istris

85 1767 254 1814 bellum
287 1767 474 1815 illatum.
507 1767 627 1813 Tum
661 1766 996 1830 Aquilejenses‚
1031 1769 1143 1814 nihil
1180 1769 1223 1816 se
1257 1772 1376 1820 ultra

84 1841 221 1899 scire,
256 1858 340 1889 nec
371 1841 532 1888 audere
561 1841 807 1898 affirmare,
834 1858 969 1905 quam
1001 1841 1179 1906 triginta
1203 1844 1376 1892 dierum

86 1914 360 1964 frumentum
398 1914 528 1961 militi
560 1915 743 1969 datum;
770 1916 819 1962 δέ
849 1915 1011 1972 duces,
1041 1916 1117 1979 qui
1153 1933 1210 1963 ex
1253 1920 1375 1966 ltalia

86 1991 248 2038 itinera
274 1990 319 2036 in
352 1988 664 2036 Macedoniam
693 1989 895 2046 noffent,
922 1990 1202 2053 conquisitos
1233 1992 1376 2039 abdu-

88 2064 285 2130 c'tosqtle.
311 2064 560 2111 Enimvero
579 2063 752 2111 senatus
777 2065 1026 2126 indignari,
1054 2077 1224 2112 tantum
1257 2083 1375 2113 con-

89 2137 228 2185 sulem
254 2137 433 2194 ausum,
455 2149 505 2183 ut
528 2135 650 2183 suam
680 2138 966 2200 provinciam
1002 2139 1304 2202 relinqueret,
1328 2141 1376 2187 in

89 2212 279 2259 alienam
294 2212 496 2259 tranfiret
508 2230 517 2258 :
531 2212 777 2258 exercitum
796 2228 926 2257 novo
943 2211 1199 2274 periculoso
1216 2213 1376 2259 itinere

89 2284 206 2332 inter
233 2298 405 2333 exteras
441 2301 593 2349 gentes
623 2285 831 2343 duceret,
863 2284 984 2330 viam
1015 2296 1085 2330 tot
1115 2285 1377 2331 nationibus

93 2358 140 2405 in
169 2357 340 2406 Italiam
380 2359 585 2422 aperiret.
619 2358 892 2405 Decernunt
927 2357 1212 2420 frequentes,
1242 2371 1291 2403 ut
1326 2359 1380 2405 C.

91 2431 316 2494 Sulpicius
350 2443 517 2493 praetor
551 2443 640 2477 tres
671 2432 901 2477 exsenatu
937 2430 1142 2476 nominet
1177 2430 1381 2493 legatos,

90 2505 171 2571 qui
189 2522 246 2555 eo
267 2505 338 2554 die
360 2503 708 2571 proficiscantur
737 2522 792 2552 ex
822 2505 959 2573 urbe}
984 2507 1034 2552 &
1056 2516 1275 2568 quantum
1303 2521 1379 2553 ac-

362 2606 366 2612 <
1030 2579 1061 2623 F
1100 2594 1124 2624 2
