<?xml version="1.0" encoding="UTF-8"?>
<!DOCTYPE html PUBLIC "-//W3C//DTD XHTML 1.0 Transitional//EN"
    "http://www.w3.org/TR/xhtml1/DTD/xhtml1-transitional.dtd">
<html xmlns="http://www.w3.org/1999/xhtml" xml:lang="en" lang="en">
 <head>
  <title>
</title>
<meta http-equiv="Content-Type" content="text/html;charset=utf-8" />
  <meta name='ocr-system' content='tesseract 3.04.00' />
  <meta name='ocr-capabilities' content='ocr_page ocr_carea ocr_par ocr_line ocrx_word'/>
</head>
<body>
  <div class='ocr_page' id='page_1' title='image "./historiarumlibri07livyuoft_0210.png"; bbox 0 0 1673 3052; ppageno 0'>
   <div class='ocr_carea' id='block_1_1' title="bbox 281 208 1194 258">
    <p class='ocr_par' dir='ltr' id='par_1_1' title="bbox 281 208 1194 258">
     <span class='ocr_line' id='line_1_1' title="bbox 281 208 1194 258; baseline -0.002 -2"><span class='ocrx_word' id='word_1_1' title='bbox 281 226 372 258; x_wconf 89' lang='lat'><em>202</em></span> <span class='ocrx_word' id='word_1_2' title='bbox 633 208 1194 255; x_wconf 86' lang='lat' dir='ltr'>T1T1L1V11</span> 
     </span>
    </p>
   </div>
   <div class='ocr_carea' id='block_1_2' title="bbox 270 316 1655 2567">
    <p class='ocr_par' dir='ltr' id='par_1_2' title="bbox 270 316 1655 2567">
     <span class='ocr_line' id='line_1_2' title="bbox 277 316 1568 378; baseline -0.002 -14"><span class='ocrx_word' id='word_1_3' title='bbox 277 334 366 364; x_wconf 82' lang='lat' dir='ltr'><em>tam</em></span> <span class='ocrx_word' id='word_1_4' title='bbox 386 319 480 363; x_wconf 85' lang='lat' dir='ltr'><em>bene</em></span> <span class='ocrx_word' id='word_1_5' title='bbox 505 333 665 362; x_wconf 86' lang='lat' dir='ltr'><em>morata</em></span> <span class='ocrx_word' id='word_1_6' title='bbox 692 317 858 362; x_wconf 77' lang='lat' dir='ltr'><em>civitate</em></span> <span class='ocrx_word' id='word_1_7' title='bbox 885 318 1065 362; x_wconf 87' lang='lat' dir='ltr'><em>accidere</em></span> <span class='ocrx_word' id='word_1_8' title='bbox 1087 319 1258 378; x_wconf 75' lang='lat' dir='ltr'><em>potuit,</em></span> <span class='ocrx_word' id='word_1_9' title='bbox 1282 316 1430 362; x_wconf 84' lang='lat' dir='ltr'><em>mirari</em></span> <span class='ocrx_word' id='word_1_10' title='bbox 1455 316 1568 378; x_wconf 86' lang='lat' dir='ltr'><em>quis-</em></span> 
     </span>
     <span class='ocr_line' id='line_1_3' title="bbox 276 387 1566 456; baseline -0.001 -21"><span class='ocrx_word' id='word_1_11' title='bbox 276 409 403 452; x_wconf 76' lang='lat' dir='ltr'><em>quam</em></span> <span class='ocrx_word' id='word_1_12' title='bbox 417 392 570 456; x_wconf 88' lang='lat' dir='ltr'><em>potest,</em></span> <span class='ocrx_word' id='word_1_13' title='bbox 591 387 895 451; x_wconf 68' lang='lat' dir='ltr'><em>aliquosficiffie</em></span> <span class='ocrx_word' id='word_1_14' title='bbox 920 391 1036 450; x_wconf 86' lang='lat' dir='ltr'><em>apud</em></span> <span class='ocrx_word' id='word_1_15' title='bbox 1051 406 1151 446; x_wconf 90' lang='lat' dir='ltr'><em>nos,</em></span> <span class='ocrx_word' id='word_1_16' title='bbox 1172 389 1269 449; x_wconf 85' lang='lat' dir='ltr'><em>qui,</em></span> <span class='ocrx_word' id='word_1_17' title='bbox 1287 389 1394 449; x_wconf 83' lang='lat' dir='ltr'><em>regis</em></span> <span class='ocrx_word' id='word_1_18' title='bbox 1419 391 1566 434; x_wconf 91' lang='lat' dir='ltr'><em>amici·</em></span> 
     </span>
     <span class='ocr_line' id='line_1_4' title="bbox 277 462 1619 525; baseline -0.001 -17"><span class='ocrx_word' id='word_1_19' title='bbox 277 465 382 508; x_wconf 88' lang='lat' dir='ltr'><em>tiam</em></span> <span class='ocrx_word' id='word_1_20' title='bbox 395 478 576 522; x_wconf 83' lang='lat' dir='ltr'><em>petentes</em></span> <span class='ocrx_word' id='word_1_21' title='bbox 589 497 602 519; x_wconf 82' lang='lat'>,</span> <span class='ocrx_word' id='word_1_22' title='bbox 614 465 772 522; x_wconf 81' lang='lat' dir='ltr'><em>plebem</em></span> <span class='ocrx_word' id='word_1_23' title='bbox 791 463 966 525; x_wconf 83' lang='lat' dir='ltr'><em>nostram</em></span> <span class='ocrx_word' id='word_1_24' title='bbox 985 462 1166 525; x_wconf 80' lang='lat' dir='ltr'><em>constliis</em></span> <span class='ocrx_word' id='word_1_25' title='bbox 1183 462 1482 522; x_wconf 73' lang='lat' dir='ltr'><em>depravarent?</em></span> <span class='ocrx_word' id='word_1_26' title='bbox 1498 462 1569 521; x_wconf 80' lang='lat' dir='ltr'><em>qui</em></span> <span class='ocrx_word' id='word_1_27' title='bbox 1616 508 1619 510; x_wconf 76' lang='grc'><strong>,</strong></span> 
     </span>
     <span class='ocr_line' id='line_1_5' title="bbox 276 530 1567 595; baseline -0.002 -15"><span class='ocrx_word' id='word_1_28' title='bbox 276 551 416 580; x_wconf 84' lang='lat' dir='ltr'><em>tamen</em></span> <span class='ocrx_word' id='word_1_29' title='bbox 441 534 556 579; x_wconf 79' lang='lat' dir='ltr'><em>nihil</em></span> <span class='ocrx_word' id='word_1_30' title='bbox 584 537 695 579; x_wconf 92' lang='lat' dir='ltr'><em>ultra</em></span> <span class='ocrx_word' id='word_1_31' title='bbox 725 537 943 578; x_wconf 80' lang='lat' dir='ltr'><em>valuerunt</em></span> <span class='ocrx_word' id='word_1_32' title='bbox 959 563 974 587; x_wconf 87' lang='lat'>,</span> <span class='ocrx_word' id='word_1_33' title='bbox 1002 551 1125 593; x_wconf 82' lang='lat' dir='ltr'><em>quam</em></span> <span class='ocrx_word' id='word_1_34' title='bbox 1145 548 1191 577; x_wconf 94' lang='lat' dir='ltr'><em>ut</em></span> <span class='ocrx_word' id='word_1_35' title='bbox 1208 535 1254 578; x_wconf 86' lang='lat' dir='ltr'><em>in</em></span> <span class='ocrx_word' id='word_1_36' title='bbox 1275 532 1410 594; x_wconf 89' lang='lat' dir='ltr'><em>officio</em></span> <span class='ocrx_word' id='word_1_37' title='bbox 1437 530 1567 595; x_wconf 83' lang='lat' dir='ltr'><em>ceffa-</em></span> 
     </span>
     <span class='ocr_line' id='line_1_6' title="bbox 275 604 1568 670; baseline 0.001 -20"><span class='ocrx_word' id='word_1_38' title='bbox 275 622 424 651; x_wconf 85' lang='lat' dir='ltr'><em>remus.</em></span> <span class='ocrx_word' id='word_1_39' title='bbox 456 608 557 650; x_wconf 89' lang='lat' dir='ltr'><em>Non</em></span> <span class='ocrx_word' id='word_1_40' title='bbox 571 607 780 666; x_wconf 73' lang='lat' dir='ltr'><em>praeteribo</em></span> <span class='ocrx_word' id='word_1_41' title='bbox 809 608 879 659; x_wconf 90' lang='lat' dir='ltr'><em>id,</em></span> <span class='ocrx_word' id='word_1_42' title='bbox 900 607 1013 665; x_wconf 86' lang='lat' dir='ltr'><em>quod</em></span> <span class='ocrx_word' id='word_1_43' title='bbox 1033 604 1314 667; x_wconf 72' lang='lat' dir='ltr'><em>graviffi&#39;mum</em></span> <span class='ocrx_word' id='word_1_44' title='bbox 1333 606 1386 670; x_wconf 78' lang='lat' dir='ltr'><em>est</em></span> <span class='ocrx_word' id='word_1_45' title='bbox 1415 608 1462 650; x_wconf 86' lang='lat' dir='ltr'><em>in</em></span> <span class='ocrx_word' id='word_1_46' title='bbox 1488 606 1568 651; x_wconf 80' lang='lat' dir='ltr'><em>ltoe</em></span> 
     </span>
     <span class='ocr_line' id='line_1_7' title="bbox 278 675 1569 745; baseline -0.001 -21"><span class='ocrx_word' id='word_1_47' title='bbox 278 682 381 725; x_wconf 86' lang='lat' dir='ltr'><em>bello</em></span> <span class='ocrx_word' id='word_1_48' title='bbox 413 682 564 725; x_wconf 76' lang='lat' dir='ltr'><em>crimen</em></span> <span class='ocrx_word' id='word_1_49' title='bbox 584 682 769 725; x_wconf 84' lang='lat' dir='ltr'><em>civitatis</em></span> <span class='ocrx_word' id='word_1_50' title='bbox 797 680 952 745; x_wconf 76' lang='lat' dir='ltr'><em>nostrae.</em></span> <span class='ocrx_word' id='word_1_51' title='bbox 974 683 1149 741; x_wconf 74' lang='lat' dir='ltr'><em>Legatos</em></span> <span class='ocrx_word' id='word_1_52' title='bbox 1178 682 1314 726; x_wconf 89' lang='lat' dir='ltr'><em>eodem</em></span> <span class='ocrx_word' id='word_1_53' title='bbox 1334 694 1507 739; x_wconf 82' lang='lat' dir='ltr'><em>tempore</em></span> <span class='ocrx_word' id='word_1_54' title='bbox 1525 675 1569 724; x_wconf 70' lang='grc' dir='ltr'><em>δ’</em></span> 
     </span>
     <span class='ocr_line' id='line_1_8' title="bbox 277 751 1570 815; baseline -0.002 -17"><span class='ocrx_word' id='word_1_55' title='bbox 277 757 340 799; x_wconf 84' lang='lat' dir='ltr'><em>ad</em></span> <span class='ocrx_word' id='word_1_56' title='bbox 364 772 463 809; x_wconf 79' lang='lat' dir='ltr'><em>vos,</em></span> <span class='ocrx_word' id='word_1_57' title='bbox 493 751 536 799; x_wconf 72' lang='lat' dir='ltr'><em>G·</em></span> <span class='ocrx_word' id='word_1_58' title='bbox 564 757 624 799; x_wconf 86' lang='lat' dir='ltr'><em>ad</em></span> <span class='ocrx_word' id='word_1_59' title='bbox 653 754 799 813; x_wconf 66' lang='lat' dir='ltr'><em>Persea</em></span> <span class='ocrx_word' id='word_1_60' title='bbox 828 756 876 798; x_wconf 88' lang='lat' dir='ltr'><em>de</em></span> <span class='ocrx_word' id='word_1_61' title='bbox 899 772 1003 813; x_wconf 87' lang='lat' dir='ltr'><em>pace</em></span> <span class='ocrx_word' id='word_1_62' title='bbox 1035 753 1219 815; x_wconf 80' lang='lat' dir='ltr'><em>misimus</em></span> <span class='ocrx_word' id='word_1_63' title='bbox 1237 771 1253 799; x_wconf 87' lang='lat'><em>.·</em></span> <span class='ocrx_word' id='word_1_64' title='bbox 1276 755 1390 814; x_wconf 84' lang='lat' dir='ltr'><em>quod</em></span> <span class='ocrx_word' id='word_1_65' title='bbox 1414 751 1570 811; x_wconf 67' lang='lat' dir='ltr'><em>infelix:</em></span> 
     </span>
     <span class='ocr_line' id='line_1_9' title="bbox 276 823 1572 891; baseline -0.002 -19"><span class='ocrx_word' id='word_1_66' title='bbox 276 826 495 891; x_wconf 83' lang='lat' dir='ltr'><em>confilium</em></span> <span class='ocrx_word' id='word_1_67' title='bbox 504 826 697 887; x_wconf 83' lang='lat' dir='ltr'><em>furiosus</em></span> <span class='ocrx_word' id='word_1_68' title='bbox 717 823 797 890; x_wconf 91' lang='lat' dir='ltr'><em>(ut</em></span> <span class='ocrx_word' id='word_1_69' title='bbox 804 825 945 891; x_wconf 86' lang='lat' dir='ltr'><em>postea</em></span> <span class='ocrx_word' id='word_1_70' title='bbox 962 823 1237 889; x_wconf 83' lang='lat' dir='ltr'><em>audivimus)</em></span> <span class='ocrx_word' id='word_1_71' title='bbox 1261 842 1400 872; x_wconf 89' lang='lat' dir='ltr'><em>orator</em></span> <span class='ocrx_word' id='word_1_72' title='bbox 1407 826 1572 890; x_wconf 78' lang='lat' dir='ltr'><em>stultis-</em></span> 
     </span>
     <span class='ocr_line' id='line_1_10' title="bbox 270 898 1571 963; baseline 0.001 -20"><span class='ocrx_word' id='word_1_73' title='bbox 270 899 425 963; x_wconf 84' lang='lat' dir='ltr'><em>fimum</em></span> <span class='ocrx_word' id='word_1_74' title='bbox 432 898 562 957; x_wconf 83' lang='lat' dir='ltr'><em>fecit:</em></span> <span class='ocrx_word' id='word_1_75' title='bbox 583 898 770 962; x_wconf 85' lang='lat' dir='ltr'><em>quemsic</em></span> <span class='ocrx_word' id='word_1_76' title='bbox 787 902 969 944; x_wconf 87' lang='lat' dir='ltr'><em>locutum</em></span> <span class='ocrx_word' id='word_1_77' title='bbox 986 899 1143 963; x_wconf 81' lang='lat' dir='ltr'><em>constat</em></span> <span class='ocrx_word' id='word_1_78' title='bbox 1156 933 1170 956; x_wconf 87' lang='lat'>,</span> <span class='ocrx_word' id='word_1_79' title='bbox 1187 915 1387 960; x_wconf 85' lang='lat' dir='ltr'><em>tanquam</em></span> <span class='ocrx_word' id='word_1_80' title='bbox 1417 900 1463 945; x_wconf 89' lang='lat' dir='ltr'><em>C.</em></span> <span class='ocrx_word' id='word_1_81' title='bbox 1489 900 1571 944; x_wconf 87' lang='lat' dir='ltr'><em>Po-</em></span> 
     </span>
     <span class='ocr_line' id='line_1_11' title="bbox 276 971 1574 1031; baseline -0.001 -15"><span class='ocrx_word' id='word_1_82' title='bbox 276 973 428 1031; x_wconf 86' lang='lat' dir='ltr'><em>pillius</em></span> <span class='ocrx_word' id='word_1_83' title='bbox 449 975 608 1031; x_wconf 80' lang='lat' dir='ltr'><em>legatus</em></span> <span class='ocrx_word' id='word_1_84' title='bbox 627 971 876 1025; x_wconf 81' lang='lat' dir='ltr'><em>Romanus,</em></span> <span class='ocrx_word' id='word_1_85' title='bbox 899 988 1014 1031; x_wconf 84' lang='lat' dir='ltr'><em>quem</em></span> <span class='ocrx_word' id='word_1_86' title='bbox 1035 973 1096 1015; x_wconf 87' lang='lat' dir='ltr'><em>ad</em></span> <span class='ocrx_word' id='word_1_87' title='bbox 1100 971 1410 1029; x_wconf 77' lang='lat' dir='ltr'><em>fitbmovendos</em></span> <span class='ocrx_word' id='word_1_88' title='bbox 1427 988 1455 1015; x_wconf 92' lang='lat' dir='ltr'><em>a</em></span> <span class='ocrx_word' id='word_1_89' title='bbox 1470 971 1574 1015; x_wconf 88' lang='lat' dir='ltr'><em>bello</em></span> 
     </span>
     <span class='ocr_line' id='line_1_12' title="bbox 281 1038 1581 1109; baseline -0.003 -19"><span class='ocrx_word' id='word_1_90' title='bbox 281 1045 546 1090; x_wconf 77' lang='lat' dir='ltr'><em>Antiochum</em></span> <span class='ocrx_word' id='word_1_91' title='bbox 563 1040 606 1088; x_wconf 63' lang='grc' dir='ltr'><em>δ’</em></span> <span class='ocrx_word' id='word_1_92' title='bbox 623 1044 885 1088; x_wconf 68' lang='lat' dir='ltr'><em>Ptolemaeum</em></span> <span class='ocrx_word' id='word_1_93' title='bbox 901 1038 1008 1104; x_wconf 53' lang='lat' dir='ltr'><em>rege&amp;</em></span> <span class='ocrx_word' id='word_1_94' title='bbox 1024 1042 1185 1109; x_wconf 82' lang='lat' dir='ltr'><em>miststis</em></span> <span class='ocrx_word' id='word_1_95' title='bbox 1199 1077 1212 1100; x_wconf 89' lang='lat'>‚</span> <span class='ocrx_word' id='word_1_96' title='bbox 1231 1047 1464 1102; x_wconf 87' lang='lat' dir='ltr'><em>loqueretur.</em></span> <span class='ocrx_word' id='word_1_97' title='bbox 1491 1043 1581 1086; x_wconf 81' lang='lat' dir='ltr'><em>Sed</em></span> 
     </span>
     <span class='ocr_line' id='line_1_13' title="bbox 282 1114 1576 1182; baseline -0.002 -20"><span class='ocrx_word' id='word_1_98' title='bbox 282 1133 421 1162; x_wconf 82' lang='lat' dir='ltr'><em>tamen</em></span> <span class='ocrx_word' id='word_1_99' title='bbox 455 1135 528 1173; x_wconf 82' lang='lat' dir='ltr'><em>ea,</em></span> <span class='ocrx_word' id='word_1_100' title='bbox 550 1114 859 1180; x_wconf 37' lang='lat' dir='ltr'><em>five-superbia</em></span> <span class='ocrx_word' id='word_1_101' title='bbox 873 1116 967 1180; x_wconf 83' lang='lat' dir='ltr'><em>sive</em></span> <span class='ocrx_word' id='word_1_102' title='bbox 984 1116 1173 1180; x_wconf 86' lang='lat' dir='ltr'><em>stultitia</em></span> <span class='ocrx_word' id='word_1_103' title='bbox 1207 1117 1464 1176; x_wconf 83' lang='lat' dir='ltr'><em>appellanda</em></span> <span class='ocrx_word' id='word_1_104' title='bbox 1499 1117 1576 1182; x_wconf 85' lang='lat' dir='ltr'><em>est,</em></span> 
     </span>
     <span class='ocr_line' id='line_1_14' title="bbox 286 1186 1578 1249; baseline -0.002 -14"><span class='ocrx_word' id='word_1_105' title='bbox 286 1192 427 1235; x_wconf 87' lang='lat' dir='ltr'><em>eadem</em></span> <span class='ocrx_word' id='word_1_106' title='bbox 445 1224 458 1245; x_wconf 78' lang='lat'>,</span> <span class='ocrx_word' id='word_1_107' title='bbox 478 1207 562 1249; x_wconf 85' lang='lat' dir='ltr'><em>quae</em></span> <span class='ocrx_word' id='word_1_108' title='bbox 582 1192 699 1248; x_wconf 82' lang='lat' dir='ltr'><em>apud</em></span> <span class='ocrx_word' id='word_1_109' title='bbox 714 1206 788 1232; x_wconf 81' lang='lat' dir='ltr'><em>vos</em></span> <span class='ocrx_word' id='word_1_110' title='bbox 801 1223 814 1243; x_wconf 82' lang='lat'>‚</span> <span class='ocrx_word' id='word_1_111' title='bbox 840 1186 882 1233; x_wconf 63' lang='grc' dir='ltr'><em>δ’</em></span> <span class='ocrx_word' id='word_1_112' title='bbox 903 1191 1019 1249; x_wconf 83' lang='lat' dir='ltr'><em>apud</em></span> <span class='ocrx_word' id='word_1_113' title='bbox 1038 1188 1187 1248; x_wconf 77' lang='lat' dir='ltr'><em>Persea</em></span> <span class='ocrx_word' id='word_1_114' title='bbox 1202 1186 1310 1246; x_wconf 85' lang='lat' dir='ltr'><em>fuit.</em></span> <span class='ocrx_word' id='word_1_115' title='bbox 1337 1190 1443 1233; x_wconf 88' lang='lat' dir='ltr'><em>Tam</em></span> <span class='ocrx_word' id='word_1_116' title='bbox 1470 1188 1578 1232; x_wconf 84' lang='lat' dir='ltr'><em>civi-</em></span> 
     </span>
     <span class='ocr_line' id='line_1_15' title="bbox 287 1261 1611 1325; baseline -0.004 -16"><span class='ocrx_word' id='word_1_117' title='bbox 287 1279 421 1309; x_wconf 80' lang='lat' dir='ltr'><em>tatum</em></span> <span class='ocrx_word' id='word_1_118' title='bbox 435 1297 448 1318; x_wconf 90' lang='lat'>,</span> <span class='ocrx_word' id='word_1_119' title='bbox 480 1281 603 1322; x_wconf 79' lang='lat' dir='ltr'><em>quam</em></span> <span class='ocrx_word' id='word_1_120' title='bbox 612 1262 877 1325; x_wconf 81' lang='lat' dir='ltr'><em>fingulorum</em></span> <span class='ocrx_word' id='word_1_121' title='bbox 897 1263 1111 1307; x_wconf 77' lang='lat' dir='ltr'><em>hominum</em></span> <span class='ocrx_word' id='word_1_122' title='bbox 1141 1278 1270 1306; x_wconf 85' lang='lat' dir='ltr'><em>mores</em></span> <span class='ocrx_word' id='word_1_123' title='bbox 1282 1261 1393 1322; x_wconf 68' lang='lat' dir='ltr'><em>fient</em></span> <span class='ocrx_word' id='word_1_124' title='bbox 1409 1277 1424 1304; x_wconf 92' lang='grc'><em>.·</em></span> <span class='ocrx_word' id='word_1_125' title='bbox 1442 1275 1579 1321; x_wconf 81' lang='lat' dir='ltr'><em>gentes</em></span> <span class='ocrx_word' id='word_1_126' title='bbox 1609 1291 1611 1293; x_wconf 90' lang='lat'><em>-</em></span> 
     </span>
     <span class='ocr_line' id='line_1_16' title="bbox 289 1335 1579 1398; baseline -0.002 -17"><span class='ocrx_word' id='word_1_127' title='bbox 289 1355 445 1398; x_wconf 73' lang='lat' dir='ltr'><em>quoque</em></span> <span class='ocrx_word' id='word_1_128' title='bbox 463 1339 557 1381; x_wconf 81' lang='lat' dir='ltr'><em>aliae</em></span> <span class='ocrx_word' id='word_1_129' title='bbox 584 1337 790 1380; x_wconf 56' lang='lat' dir='ltr'><em>iracundae</em></span> <span class='ocrx_word' id='word_1_130' title='bbox 804 1370 817 1392; x_wconf 89' lang='lat'>‚</span> <span class='ocrx_word' id='word_1_131' title='bbox 835 1337 926 1380; x_wconf 83' lang='lat' dir='ltr'><em>aliae</em></span> <span class='ocrx_word' id='word_1_132' title='bbox 953 1337 1129 1380; x_wconf 83' lang='lat' dir='ltr'><em>audaces</em></span> <span class='ocrx_word' id='word_1_133' title='bbox 1145 1369 1158 1391; x_wconf 86' lang='lat'>‚</span> <span class='ocrx_word' id='word_1_134' title='bbox 1179 1337 1365 1396; x_wconf 83' lang='lat' dir='ltr'><em>quaedam</em></span> <span class='ocrx_word' id='word_1_135' title='bbox 1391 1335 1544 1378; x_wconf 69' lang='lat' dir='ltr'><em>timidae</em></span> <span class='ocrx_word' id='word_1_136' title='bbox 1563 1351 1579 1378; x_wconf 90' lang='lat'><em>.·</em></span> 
     </span>
     <span class='ocr_line' id='line_1_17' title="bbox 289 1407 1580 1469; baseline -0.003 -15"><span class='ocrx_word' id='word_1_137' title='bbox 289 1410 336 1454; x_wconf 83' lang='lat' dir='ltr'><em>in</em></span> <span class='ocrx_word' id='word_1_138' title='bbox 363 1411 536 1465; x_wconf 78' lang='lat' dir='ltr'><em>vinum,</em></span> <span class='ocrx_word' id='word_1_139' title='bbox 561 1409 605 1453; x_wconf 85' lang='lat' dir='ltr'><em>in</em></span> <span class='ocrx_word' id='word_1_140' title='bbox 639 1412 830 1453; x_wconf 75' lang='lat' dir='ltr'><em>Venerem</em></span> <span class='ocrx_word' id='word_1_141' title='bbox 851 1410 1069 1469; x_wconf 86' lang='lat' dir='ltr'><em>proniores</em></span> <span class='ocrx_word' id='word_1_142' title='bbox 1094 1409 1188 1453; x_wconf 80' lang='lat' dir='ltr'><em>aliae</em></span> <span class='ocrx_word' id='word_1_143' title='bbox 1207 1407 1327 1467; x_wconf 79' lang='lat' dir='ltr'><em>sunt.</em></span> <span class='ocrx_word' id='word_1_144' title='bbox 1348 1408 1580 1451; x_wconf 77' lang='lat' dir='ltr'><em>Athenien-</em></span> 
     </span>
     <span class='ocr_line' id='line_1_18' title="bbox 278 1478 1580 1547; baseline -0.004 -20"><span class='ocrx_word' id='word_1_145' title='bbox 278 1482 393 1547; x_wconf 67' lang='lat' dir='ltr'><em>sium</em></span> <span class='ocrx_word' id='word_1_146' title='bbox 416 1483 619 1542; x_wconf 87' lang='lat' dir='ltr'><em>populum</em></span> <span class='ocrx_word' id='word_1_147' title='bbox 632 1480 763 1539; x_wconf 86' lang='lat' dir='ltr'><em>fama</em></span> <span class='ocrx_word' id='word_1_148' title='bbox 790 1482 843 1547; x_wconf 89' lang='lat' dir='ltr'><em>est</em></span> <span class='ocrx_word' id='word_1_149' title='bbox 861 1485 1018 1526; x_wconf 85' lang='lat' dir='ltr'><em>celerem</em></span> <span class='ocrx_word' id='word_1_150' title='bbox 1041 1478 1225 1540; x_wconf 69' lang='lat' dir='ltr'><em>&amp;supra</em></span> <span class='ocrx_word' id='word_1_151' title='bbox 1248 1480 1354 1524; x_wconf 83' lang='lat' dir='ltr'><em>vires</em></span> <span class='ocrx_word' id='word_1_152' title='bbox 1384 1480 1580 1523; x_wconf 86' lang='lat' dir='ltr'><em>audacem</em></span> 
     </span>
     <span class='ocr_line' id='line_1_19' title="bbox 282 1549 1581 1620; baseline -0.002 -19"><span class='ocrx_word' id='word_1_153' title='bbox 282 1555 360 1620; x_wconf 63' lang='lat' dir='ltr'><em>,effe</em></span> <span class='ocrx_word' id='word_1_154' title='bbox 387 1557 446 1601; x_wconf 88' lang='lat' dir='ltr'><em>ad</em></span> <span class='ocrx_word' id='word_1_155' title='bbox 473 1558 708 1600; x_wconf 85' lang='lat' dir='ltr'><em>conandum</em></span> <span class='ocrx_word' id='word_1_156' title='bbox 730 1572 746 1600; x_wconf 89' lang='lat'><em>.·</em></span> <span class='ocrx_word' id='word_1_157' title='bbox 776 1558 1181 1602; x_wconf 69' lang='lat' dir='ltr'><em>Lacedaemoniorum</em></span> <span class='ocrx_word' id='word_1_158' title='bbox 1209 1552 1477 1600; x_wconf 71' lang='lat' dir='ltr'><em>cunc‘latorem</em></span> <span class='ocrx_word' id='word_1_159' title='bbox 1492 1588 1506 1608; x_wconf 95' lang='lat'><strong><em>,</em></strong></span> <span class='ocrx_word' id='word_1_160' title='bbox 1538 1549 1581 1598; x_wconf 70' lang='grc' dir='ltr'><em>δ’</em></span> 
     </span>
     <span class='ocr_line' id='line_1_20' title="bbox 284 1628 1580 1692; baseline -0.005 -16"><span class='ocrx_word' id='word_1_161' title='bbox 284 1634 364 1676; x_wconf 71' lang='lat' dir='ltr'><em>vix</em></span> <span class='ocrx_word' id='word_1_162' title='bbox 389 1632 434 1675; x_wconf 89' lang='lat' dir='ltr'><em>in</em></span> <span class='ocrx_word' id='word_1_163' title='bbox 453 1648 501 1675; x_wconf 91' lang='lat' dir='ltr'><em>ea</em></span> <span class='ocrx_word' id='word_1_164' title='bbox 515 1665 529 1687; x_wconf 86' lang='lat'>,</span> <span class='ocrx_word' id='word_1_165' title='bbox 550 1632 696 1690; x_wconf 81' lang='lat' dir='ltr'><em>quibus</em></span> <span class='ocrx_word' id='word_1_166' title='bbox 707 1631 809 1690; x_wconf 85' lang='lat' dir='ltr'><em>fidit</em></span> <span class='ocrx_word' id='word_1_167' title='bbox 824 1665 838 1687; x_wconf 86' lang='lat'>,</span> <span class='ocrx_word' id='word_1_168' title='bbox 865 1632 1178 1692; x_wconf 80' lang='lat' dir='ltr'><em>ingredientem.</em></span> <span class='ocrx_word' id='word_1_169' title='bbox 1202 1629 1301 1672; x_wconf 90' lang='lat' dir='ltr'><em>Non</em></span> <span class='ocrx_word' id='word_1_170' title='bbox 1323 1628 1580 1688; x_wconf 83' lang='lat' dir='ltr'><em>negaverim,</em></span> 
     </span>
     <span class='ocr_line' id='line_1_21' title="bbox 288 1696 1580 1767; baseline -0.003 -18"><span class='ocrx_word' id='word_1_171' title='bbox 288 1701 332 1749; x_wconf 60' lang='grc' dir='ltr'>ἃ</span> <span class='ocrx_word' id='word_1_172' title='bbox 359 1719 488 1749; x_wconf 86' lang='lat' dir='ltr'><em>totam</em></span> <span class='ocrx_word' id='word_1_173' title='bbox 518 1703 630 1767; x_wconf 83' lang='lat' dir='ltr'><em>Asiae</em></span> <span class='ocrx_word' id='word_1_174' title='bbox 664 1704 864 1764; x_wconf 80' lang='lat' dir='ltr'><em>regionem</em></span> <span class='ocrx_word' id='word_1_175' title='bbox 895 1705 1094 1749; x_wconf 79' lang='lat' dir='ltr'><em>inaniora</em></span> <span class='ocrx_word' id='word_1_176' title='bbox 1126 1719 1269 1762; x_wconf 82' lang='lat' dir='ltr'><em>parere</em></span> <span class='ocrx_word' id='word_1_177' title='bbox 1307 1701 1503 1760; x_wconf 74' lang='lat' dir='ltr'><em>ingenia,</em></span> <span class='ocrx_word' id='word_1_178' title='bbox 1537 1696 1580 1745; x_wconf 71' lang='grc' dir='ltr'><em>ὃ*</em></span> 
     </span>
     <span class='ocr_line' id='line_1_22' title="bbox 287 1773 1580 1843; baseline -0.005 -19"><span class='ocrx_word' id='word_1_179' title='bbox 287 1779 511 1843; x_wconf 82' lang='lat' dir='ltr'><em>nostrorum</em></span> <span class='ocrx_word' id='word_1_180' title='bbox 534 1779 796 1823; x_wconf 86' lang='lat' dir='ltr'><em>tumidiorem</em></span> <span class='ocrx_word' id='word_1_181' title='bbox 804 1778 1035 1837; x_wconf 70' lang='lat' dir='ltr'><em>sermonem</em></span> <span class='ocrx_word' id='word_1_182' title='bbox 1065 1773 1156 1840; x_wconf 77' lang='lat' dir='ltr'><em>effe,</em></span> <span class='ocrx_word' id='word_1_183' title='bbox 1178 1777 1291 1835; x_wconf 84' lang='lat' dir='ltr'><em>quod</em></span> <span class='ocrx_word' id='word_1_184' title='bbox 1305 1776 1494 1820; x_wconf 87' lang='lat' dir='ltr'><em>excellere</em></span> <span class='ocrx_word' id='word_1_185' title='bbox 1511 1775 1580 1818; x_wconf 86' lang='lat' dir='ltr'><em>in-</em></span> 
     </span>
     <span class='ocr_line' id='line_1_23' title="bbox 289 1849 1581 1913; baseline -0.003 -18"><span class='ocrx_word' id='word_1_186' title='bbox 289 1866 348 1896; x_wconf 88' lang='lat' dir='ltr'><em>ter</em></span> <span class='ocrx_word' id='word_1_187' title='bbox 354 1851 571 1906; x_wconf 81' lang='lat' dir='ltr'><em>finitimas</em></span> <span class='ocrx_word' id='word_1_188' title='bbox 595 1854 782 1898; x_wconf 78' lang='lat' dir='ltr'><em>civitates</em></span> <span class='ocrx_word' id='word_1_189' title='bbox 806 1854 1049 1908; x_wconf 77' lang='lat' dir='ltr'><em>videamur,·</em></span> <span class='ocrx_word' id='word_1_190' title='bbox 1078 1849 1120 1896; x_wconf 67' lang='lat' dir='ltr'><em>fr</em></span> <span class='ocrx_word' id='word_1_191' title='bbox 1139 1853 1189 1896; x_wconf 88' lang='lat' dir='ltr'><em>id</em></span> <span class='ocrx_word' id='word_1_192' title='bbox 1215 1850 1349 1910; x_wconf 82' lang='lat' dir='ltr'><em>ipficm</em></span> <span class='ocrx_word' id='word_1_193' title='bbox 1377 1865 1462 1913; x_wconf 89' lang='lat' dir='ltr'><em>non</em></span> <span class='ocrx_word' id='word_1_194' title='bbox 1493 1863 1581 1892; x_wconf 85' lang='lat' dir='ltr'><em>tam</em></span> 
     </span>
     <span class='ocr_line' id='line_1_24' title="bbox 287 1920 1584 1991; baseline -0.005 -22"><span class='ocrx_word' id='word_1_195' title='bbox 287 1923 450 1969; x_wconf 69' lang='lat' dir='ltr'><em>viribus</em></span> <span class='ocrx_word' id='word_1_196' title='bbox 471 1924 640 1988; x_wconf 78' lang='lat' dir='ltr'><em>nostris,</em></span> <span class='ocrx_word' id='word_1_197' title='bbox 659 1943 783 1984; x_wconf 84' lang='lat' dir='ltr'><em>quam</em></span> <span class='ocrx_word' id='word_1_198' title='bbox 802 1926 938 1991; x_wconf 77' lang='lat' dir='ltr'><em>vestris</em></span> <span class='ocrx_word' id='word_1_199' title='bbox 959 1925 1184 1969; x_wconf 77' lang='lat' dir='ltr'><em>honoribus</em></span> <span class='ocrx_word' id='word_1_200' title='bbox 1206 1939 1256 1967; x_wconf 85' lang='lat' dir='ltr'><em>ac</em></span> <span class='ocrx_word' id='word_1_201' title='bbox 1273 1920 1469 1977; x_wconf 85' lang='lat' dir='ltr'><em>judiciis.</em></span> <span class='ocrx_word' id='word_1_202' title='bbox 1499 1921 1584 1963; x_wconf 85' lang='lat' dir='ltr'><em>Sa-</em></span> 
     </span>
     <span class='ocr_line' id='line_1_25' title="bbox 290 1994 1585 2058; baseline -0.004 -17"><span class='ocrx_word' id='word_1_203' title='bbox 290 1999 347 2041; x_wconf 82' lang='lat' dir='ltr'><em>tis</em></span> <span class='ocrx_word' id='word_1_204' title='bbox 379 1999 537 2056; x_wconf 75' lang='lat' dir='ltr'><em>quidem</em></span> <span class='ocrx_word' id='word_1_205' title='bbox 571 1995 613 2043; x_wconf 67' lang='grc' dir='ltr'><em>Θ</em></span> <span class='ocrx_word' id='word_1_206' title='bbox 640 2014 736 2042; x_wconf 82' lang='lat' dir='ltr'><em>tunc</em></span> <span class='ocrx_word' id='word_1_207' title='bbox 763 2000 810 2043; x_wconf 88' lang='lat' dir='ltr'><em>in</em></span> <span class='ocrx_word' id='word_1_208' title='bbox 833 1998 1055 2058; x_wconf 69' lang='lat' dir='ltr'><em>prasentia</em></span> <span class='ocrx_word' id='word_1_209' title='bbox 1088 1997 1290 2056; x_wconf 79' lang='lat' dir='ltr'><em>castigata</em></span> <span class='ocrx_word' id='word_1_210' title='bbox 1323 1995 1400 2038; x_wconf 79' lang='lat' dir='ltr'><em>illa</em></span> <span class='ocrx_word' id='word_1_211' title='bbox 1435 1994 1585 2053; x_wconf 74' lang='lat' dir='ltr'><em>legatio</em></span> 
     </span>
     <span class='ocr_line' id='line_1_26' title="bbox 291 2063 1587 2134; baseline -0.003 -21"><span class='ocrx_word' id='word_1_212' title='bbox 291 2084 402 2124; x_wconf 85' lang='lat' dir='ltr'><em>erat,</em></span> <span class='ocrx_word' id='word_1_213' title='bbox 436 2086 525 2113; x_wconf 89' lang='lat' dir='ltr'><em>cum</em></span> <span class='ocrx_word' id='word_1_214' title='bbox 569 2084 656 2112; x_wconf 81' lang='lat' dir='ltr'><em>tam</em></span> <span class='ocrx_word' id='word_1_215' title='bbox 691 2069 793 2134; x_wconf 84' lang='lat' dir='ltr'><em>tristi</em></span> <span class='ocrx_word' id='word_1_216' title='bbox 828 2069 1015 2128; x_wconf 79' lang='lat' dir='ltr'><em>responso</em></span> <span class='ocrx_word' id='word_1_217' title='bbox 1050 2070 1174 2133; x_wconf 68' lang='lat' dir='ltr'><em>vestro</em></span> <span class='ocrx_word' id='word_1_218' title='bbox 1205 2063 1385 2129; x_wconf 81' lang='lat' dir='ltr'><em>dimiffiz.</em></span> <span class='ocrx_word' id='word_1_219' title='bbox 1418 2065 1468 2128; x_wconf 79' lang='grc' dir='ltr'><em>[ἰ</em></span> <span class='ocrx_word' id='word_1_220' title='bbox 1494 2081 1587 2119; x_wconf 71' lang='lat' dir='ltr'><em>⁴turn</em></span> 
     </span>
     <span class='ocr_line' id='line_1_27' title="bbox 288 2138 1588 2203; baseline -0.002 -20"><span class='ocrx_word' id='word_1_221' title='bbox 288 2158 442 2200; x_wconf 77' lang='lat' dir='ltr'><em>porum</em></span> <span class='ocrx_word' id='word_1_222' title='bbox 466 2142 705 2200; x_wconf 65' lang='lat' dir='ltr'><em>ignominiae</em></span> <span class='ocrx_word' id='word_1_223' title='bbox 721 2140 891 2199; x_wconf 71' lang='lat' dir='ltr'><em>penfitm</em></span> <span class='ocrx_word' id='word_1_224' title='bbox 917 2141 992 2203; x_wconf 73' lang='lat' dir='ltr'><em>est,</em></span> <span class='ocrx_word' id='word_1_225' title='bbox 1011 2142 1092 2184; x_wconf 78' lang='lat' dir='ltr'><em>lzaec</em></span> <span class='ocrx_word' id='word_1_226' title='bbox 1114 2154 1212 2184; x_wconf 86' lang='lat' dir='ltr'><em>certe</em></span> <span class='ocrx_word' id='word_1_227' title='bbox 1235 2155 1320 2184; x_wconf 87' lang='lat' dir='ltr'><em>tam</em></span> <span class='ocrx_word' id='word_1_228' title='bbox 1341 2138 1588 2199; x_wconf 75' lang='lat' dir='ltr'><em>miserabilis</em></span> 
     </span>
     <span class='ocr_line' id='line_1_28' title="bbox 296 2209 1590 2274; baseline -0.003 -16"><span class='ocrx_word' id='word_1_229' title='bbox 296 2232 346 2258; x_wconf 85' lang='lat' dir='ltr'><em>ac</em></span> <span class='ocrx_word' id='word_1_230' title='bbox 357 2214 542 2272; x_wconf 77' lang='lat' dir='ltr'><em>supplex</em></span> <span class='ocrx_word' id='word_1_231' title='bbox 571 2214 719 2274; x_wconf 74' lang='lat' dir='ltr'><em>legatio</em></span> <span class='ocrx_word' id='word_1_232' title='bbox 741 2216 864 2257; x_wconf 86' lang='lat' dir='ltr'><em>etiam</em></span> <span class='ocrx_word' id='word_1_233' title='bbox 888 2213 1201 2273; x_wconf 85' lang='lat' dir='ltr'><em>insolentioris,</em></span> <span class='ocrx_word' id='word_1_234' title='bbox 1230 2230 1352 2272; x_wconf 81' lang='lat' dir='ltr'><em>quam</em></span> <span class='ocrx_word' id='word_1_235' title='bbox 1376 2213 1453 2256; x_wconf 90' lang='lat' dir='ltr'><em>illa</em></span> <span class='ocrx_word' id='word_1_236' title='bbox 1469 2209 1590 2268; x_wconf 86' lang='lat' dir='ltr'><em>fuit,</em></span> 
     </span>
     <span class='ocr_line' id='line_1_29' title="bbox 298 2282 1655 2346; baseline -0.002 -17"><span class='ocrx_word' id='word_1_237' title='bbox 298 2286 520 2346; x_wconf 73' lang='lat' dir='ltr'><em>legationis</em></span> <span class='ocrx_word' id='word_1_238' title='bbox 542 2284 659 2345; x_wconf 80' lang='lat' dir='ltr'><em>satis</em></span> <span class='ocrx_word' id='word_1_239' title='bbox 699 2303 897 2346; x_wconf 76' lang='lat' dir='ltr'><em>magnum</em></span> <span class='ocrx_word' id='word_1_240' title='bbox 924 2288 1141 2345; x_wconf 81' lang='lat' dir='ltr'><em>piaculum</em></span> <span class='ocrx_word' id='word_1_241' title='bbox 1173 2282 1278 2346; x_wconf 76' lang='lat' dir='ltr'><em>effet.</em></span> <span class='ocrx_word' id='word_1_242' title='bbox 1316 2286 1350 2327; x_wconf 84' lang='lat' dir='ltr'><em>S</em></span> <span class='ocrx_word' id='word_1_243' title='bbox 1353 2285 1590 2342; x_wconf 85' lang='lat' dir='ltr'><em>uperbiam‚</em></span> <span class='ocrx_word' id='word_1_244' title='bbox 1653 2315 1655 2317; x_wconf 78' lang='lat'>.</span> 
     </span>
     <span class='ocr_line' id='line_1_30' title="bbox 298 2355 1592 2418; baseline -0.002 -16"><span class='ocrx_word' id='word_1_245' title='bbox 298 2361 507 2403; x_wconf 64' lang='lat' dir='ltr'><em>verborum</em></span> <span class='ocrx_word' id='word_1_246' title='bbox 536 2358 757 2418; x_wconf 69' lang='lat' dir='ltr'><em>praesertim</em></span> <span class='ocrx_word' id='word_1_247' title='bbox 774 2393 785 2412; x_wconf 87' lang='lat'><strong>‚</strong></span> <span class='ocrx_word' id='word_1_248' title='bbox 813 2359 1007 2403; x_wconf 80' lang='lat' dir='ltr'><em>iracundi</em></span> <span class='ocrx_word' id='word_1_249' title='bbox 1033 2361 1232 2413; x_wconf 83' lang='lat' dir='ltr'><em>oderunt,</em></span> <span class='ocrx_word' id='word_1_250' title='bbox 1248 2359 1467 2418; x_wconf 83' lang='lat' dir='ltr'><em>prudentes</em></span> <span class='ocrx_word' id='word_1_251' title='bbox 1495 2355 1592 2400; x_wconf 83' lang='lat' dir='ltr'><em>irri-</em></span> 
     </span>
     <span class='ocr_line' id='line_1_31' title="bbox 302 2427 1592 2493; baseline -0.003 -19"><span class='ocrx_word' id='word_1_252' title='bbox 302 2434 401 2475; x_wconf 76' lang='lat' dir='ltr'><em>dent</em></span> <span class='ocrx_word' id='word_1_253' title='bbox 414 2448 433 2485; x_wconf 93' lang='lat'><em>;</em></span> <span class='ocrx_word' id='word_1_254' title='bbox 455 2432 591 2490; x_wconf 82' lang='lat' dir='ltr'><em>utique</em></span> <span class='ocrx_word' id='word_1_255' title='bbox 597 2428 647 2492; x_wconf 83' lang='lat' dir='ltr'><em>st</em></span> <span class='ocrx_word' id='word_1_256' title='bbox 663 2429 868 2488; x_wconf 84' lang='lat' dir='ltr'><em>inferioris</em></span> <span class='ocrx_word' id='word_1_257' title='bbox 887 2429 1344 2490; x_wconf 55' lang='lat' dir='ltr'><em>aduersu-&lt;superiorem</em></span> <span class='ocrx_word' id='word_1_258' title='bbox 1373 2428 1454 2493; x_wconf 82' lang='lat' dir='ltr'><em>est:</em></span> <span class='ocrx_word' id='word_1_259' title='bbox 1475 2427 1592 2485; x_wconf 77' lang='lat' dir='ltr'><em>capi-</em></span> 
     </span>
     <span class='ocr_line' id='line_1_32' title="bbox 297 2501 1593 2567; baseline -0.005 -17"><span class='ocrx_word' id='word_1_260' title='bbox 297 2508 378 2551; x_wconf 76' lang='lat' dir='ltr'><em>tali</em></span> <span class='ocrx_word' id='word_1_261' title='bbox 410 2521 539 2567; x_wconf 72' lang='lat' dir='ltr'><em>poena</em></span> <span class='ocrx_word' id='word_1_262' title='bbox 569 2522 686 2550; x_wconf 89' lang='lat' dir='ltr'><em>nemo</em></span> <span class='ocrx_word' id='word_1_263' title='bbox 717 2506 1103 2567; x_wconf 80' lang='lat' dir='ltr'><em>unquam&#39;dignam</em></span> <span class='ocrx_word' id='word_1_264' title='bbox 1123 2503 1351 2560; x_wconf 73' lang='lat' dir='ltr'><em>judicavit.</em></span> <span class='ocrx_word' id='word_1_265' title='bbox 1383 2502 1440 2547; x_wconf 88' lang='lat' dir='ltr'><em>Id</em></span> <span class='ocrx_word' id='word_1_266' title='bbox 1462 2501 1593 2546; x_wconf 85' lang='lat' dir='ltr'><em>enim-</em></span> 
     </span>
    </p>
   </div>
  </div>
 </body>
</html>
