1673 3052
257 177 353 240 336
428 164 1454 222 Jo.FRE1NSHEM118UPPLEM;

258 282 513 328 tendebatur,
532 292 572 318 ut
587 279 626 318 in
641 290 745 316 mare
764 276 987 328 prospectus
1009 276 1194 326 praefecto
1219 274 1296 314 late
1317 281 1488 326 pateret,
1515 275 1553 315 ἃ

260 354 393 385 contra
417 339 738 392 adnavigantibus
767 338 947 378 interiora
979 344 1114 387 portus
1139 336 1221 375 visu
1246 335 1556 387 impenetrabilia

260 408 391 448 ess'ent.
414 418 462 444 ne
482 401 714 443 intrantibus
735 401 893 452 quidem
917 398 1222 450 negotiatoribus
1250 399 1375 438 statim
1399 398 1438 437 in
1464 409 1557 437 con-

259 470 392 521 speetu
419 474 527 524 erant
545 463 724 504 navalia:
760 461 909 514 duplici
937 463 1042 500 enim
1065 473 1175 500 muro
1205 461 1482 512 cingebantur:
1518 462 1557 500 δε

259 535 300 573 in
322 532 458 572 urbem
477 531 664 580 accedere
679 543 727 569 ex
742 527 809 567 suo
838 534 954 578 portu
971 534 1202 564 mercatores
1229 537 1298 575 per
1321 524 1435 564 aliam
1451 524 1556 564 viam

260 604 462 649 poterant,
482 607 597 644 quam
613 606 696 643 quae
712 605 778 642 per
796 589 945 630 navalia
971 589 1148 629 ducebat.
1173 589 1267 628 Haec
1284 589 1448 640 antiquae
1467 588 1559 628 Car-

261 659 430 711 thaginis
458 656 584 696 forma
608 655 712 693 fuit:
746 666 820 704 qua
842 654 880 691 in
908 651 1003 691 urbe
1028 659 1112 690 tum
1140 650 1326 701 temporis
1350 648 1561 691 hominum.

259 724 313 762 ad
336 721 575 772 septingenta
603 716 724 755 millia
754 714 1055 754 numerabantur
1084 726 1092 752 :
1125 714 1236 761 cujus
1272 711 1401 752 adhuc
1426 712 1560 764 impe-

263 786 364 825 rium
386 788 565 822 trecentae
588 792 656 830 per
681 778 852 818 Africam
880 775 993 815 urbes
1015 773 1288 826 agnoscebant.
1320 769 1322 773 ’

318 845 423 887 XLI.
440 843 516 884 Sed
532 842 700 882 Romani
719 838 894 878 consules
917 836 1014 876 nihil
1039 836 1164 885 aliud,
1185 849 1299 887 quam
1320 841 1560 876 exarmatam

263 909 366 956 eise,
388 906 601 957 cogitantes
617 933 627 951 ,
645 902 801 941 minimi
825 900 967 940 laboris
994 893 1328 950 expugnationem
1354 911 1440 937 eam
1455 897 1561 936 futu-

261 980 347 1010 :ram
370 967 667 1008 arbitrabantur.
695 964 860 1011 ideoque
883 960 989 1000 nulla
1020 960 1068 998 de
1092 972 1151 1006 re,
1177 959 1243 998 nifi
1267 959 1376 998 scalis
1400 947 1561 1009 compa-

268 1031 416 1078 randis,
433 1026 610 1073 solliciti,
625 1025 686 1064 his
713 1022 861 1063 effectis
888 1023 936 1061 ad
959 1022 1262 1072 oppugnandam
1283 1020 1416 1060 urbem
1444 1018 1561 1070 profi-

267 1093 534 1134 ciscebantur:
556 1087 803 1140 partibusque
829 1087 928 1123 inter
952 1084 989 1122 se
1005 1084 1129 1122 divisis
1144 1114 1155 1130 ,
1172 1082 1336 1122 Manilio
1352 1082 1510 1132 quidem
1535 1092 1558 1118 a

269 1156 496 1196 continente
530 1165 598 1203 per
629 1151 818 1188 cervicem
850 1146 942 1185 fossa
977 1145 1200 1195 implenda,
1225 1144 1418 1194 loricaque
1449 1142 1562 1193 supet

267 1218 427 1264 foss'am,
449 1219 482 1256 8ι
506 1214 648 1254 deinde
669 1224 799 1250 murus
821 1208 1018 1249 sublimior
1043 1207 1280 1258 superandus
1303 1214 1494 1245 evenerat.
1518 1204 1562 1245 L.

270 1278 441 1319 Marcius
464 1276 513 1314 ad
537 1274 731 1313 infirmum
757 1272 856 1311 muri
872 1270 1057 1321 angulum
1082 1282 1128 1308 ex
1150 1278 1247 1308 terra
1261 1266 1373 1307 simul
1387 1265 1566 1306 navibus-

271 1356 346 1394 que
372 1341 490 1380 scalas
519 1337 763 1378 admovebat.
805 1335 914 1376 Nihil
941 1343 1022 1373 tam
1053 1344 1185 1373 contra
1214 1333 1442 1384 opinionem
1475 1342 1566 1369 eve-

272 1410 358 1447 nire
386 1406 567 1455 cuiquam
597 1402 748 1452 potest,
779 1412 893 1450 quam
920 1400 1024 1449 quod
1057 1411 1102 1437 eo
1134 1406 1310 1448 tempore
1341 1393 1566 1435 consulibus

270 1468 459 1511 Romanis
485 1465 638 1511 evenit,
666 1476 754 1501 cum
783 1475 892 1501 muro
927 1470 1079 1499 tanturn
1111 1461 1146 1500 ὃ(
1176 1456 1386 1497 inermibus
1411 1456 1567 1508 percul-

273 1532 394 1582 sisque
427 1526 692 1568 defensoribus
724 1525 923 1575 negotium
952 1524 1017 1563 fibi
1047 1524 1222 1562 futurum
1248 1521 1350 1561 ratis.
1381 1532 1472 1570 ergo
1495 1514 1566 1556 ‘ubi

272 1594 384 1634 novis
414 1591 529 1630 armis
557 1589 736 1627 instructa
765 1599 901 1626 manus
933 1585 1080 1636 ubique
1106 1584 1144 1624 se
1171 1582 1339 1632 objecit,
1365 1580 1567 1620 fortissime

271 1671 341 1710 pro
363 1652 562 1694 moenibus
591 1663 856 1701 propugnans,
882 1649 1084 1698 inopinata
1112 1659 1152 1685 re
1173 1643 1365 1697 perterriti
1386 1641 1569 1683 retroces-

272 1721 412 1760 serunt.
437 1725 623 1755 renovata
643 1714 785 1752 deinde
803 1711 1060 1762 impreffione‚
1083 1723 1172 1749 cum
1197 1707 1321 1747 nihilo
1339 1707 1462 1758 magis
1480 1717 1570 1756 pro-

274 1780 474 1826 fecillent,
503 1775 838 1827 Carthaginienses
864 1774 1022 1824 quidem
1051 1770 1269 1811 confirmati
1298 1768 1383 1808 sunt
1411 1768 1570 1815 animis,

277 1841 455 1882 consules
477 1849 606 1878 autem
631 1847 736 1876 metu
764 1835 1034 1883 Hasdrubalis,
1057 1834 1120 1884 qui
1143 1847 1164 1872 a
1187 1841 1294 1883 tergo
1318 1829 1486 1881 ipsorum
1510 1829 1570 1868 su-

277 1920 345 1957 pra
369 1903 568 1956 paludem,
594 1901 697 1940 haud
718 1899 832 1950 longe
858 1913 878 1937 a
903 1897 1108 1946 Romanis,
1130 1909 1220 1935 cum
1246 1895 1417 1934 exercitu
1439 1891 1570 1931 conse-

278 1969 412 2012 derat,
436 1965 525 2003 bina
548 1966 582 2003 ἃ
612 1963 678 2013 ipsi
704 1962 819 2000 castra
845 1962 996 1998 munire
1025 1958 1111 1998 sunt
1138 1955 1319 2011 aggreffi3
1351 1955 1391 1995 L.
1415 1953 1568 1994 Marcio

242 2079 250 2091 .
278 2030 392 2080 supra
409 2026 590 2078 paludem
619 2023 686 2063 sub
713 2023 906 2062 moenibus
932 2022 1063 2068 urbis,
1091 2020 1226 2060 Manio
1254 2019 1294 2057 in
1316 2015 1395 2068 ipsa
1419 2016 1568 2056 cervice

277 2092 455 2135 ducentis
479 2091 528 2129 ad
552 2090 815 2127 continentem
838 2088 905 2126 viae
923 2117 934 2132 ,
959 2084 1102 2124 vallum
1124 2082 1369 2132 jacientibus.

337 2164 461 2207 XLII.
493 2164 559 2202 Per
583 2174 648 2200 eos
672 2162 753 2199 dies
786 2160 825 2199 L.
857 2158 1049 2202 Marcius,
1073 2154 1260 2194 machinis
1287 2164 1386 2203 opus
1415 2149 1489 2190 effe
1510 2150 1572 2189 vi-

284 2231 402 2273 dens,
428 2224 592 2264 materiae
617 2223 809 2262 caedendae
841 2219 952 2258 causa
980 2217 1162 2269 paludem
1193 2214 1358 2265 trajecit.
1396 2213 1473 2254 Sed
1496 2212 1574 2251 im-

282 2288 414 2329 missus
434 2288 482 2326 ab
503 2284 739 2326 Hasdrubale
759 2283 960 2334 praefectus
983 2281 1155 2332 equitum
1179 2276 1374 2325 Himilco,
1394 2276 1457 2314 cui
1478 2275 1575 2316 Pha-

284 2362 391 2389 meas
418 2359 662 2399 cognomen,
680 2357 766 2384 acer
792 2343 966 2393 juvenis,
990 2342 1039 2381 ad
1065 2339 1296 2392 quingentos
1322 2349 1454 2378 eorum
1470 2367 1483 2386 ,
1507 2336 1571 2386 qui

330 2483 354 2526 5
382 2482 454 2517 XL.
479 2482 586 2515 strab.
610 2480 758 2525 Appiam.
785 2478 909 2514 zonas.
941 2477 964 2523 §
991 2476 1078 2512 XLI.
1105 2475 1228 2510 Zonar.
1252 2473 1400 2518 Appiam.
